@comment{@article {,
author = { Hewitt, W. M. and Leung, S. S. F. and Pye, C. R. and Ponkey, A. R. and Bednarek, M. and Jacobson, M. P. and Lokey, R. S.},
title = {Cell-Permeable Cyclic Peptides from Synthetic Libraries Inspired by Natural Products},
journal = {J. Am. Chem. Soc.},
volume = {137},
pages = {715},
year = {2015}
}}

@article{Abdalla2018,
 author = { Abdalla, M. A. and McGaw, L. J.},
 journal = {Molecules},
 pages = {2080},
 title = {{N}atural {C}yclic {P}eptides as an {A}ttractive {M}odality for {T}herapeutics: {A} Mini {R}eview},
 volume = {},
 year = {2018}
}

@article{Abraham2015,
 author = {Mark James Abraham and Teemu Murtola and Roland Schulz and Szil{\'a}rd P{\'a}ll and Jeremy C. Smith and Berk Hess and Erik Lindahl},
 journal = {SoftwareX},
 pages = {19--25},
 title = {G{R}OM{A}CS: {H}igh {P}erformance {M}olecular {S}imulations {T}hrough {M}ulti-{L}evel {P}arallelism {F}rom {L}aptops to {S}upercomputers},
 volume = {1-2},
 year = {2015}
}

@incollection{Agard2014,
 author = {David Agard and Yifan Cheng and Robert M. Glaeser and Sriram Subramaniam},
 booktitle = {Advances in Imaging and Electron Physics},
 editor = {Peter W. Hawkes},
 pages = {113--137},
 publisher = {Elsevier},
 series = {Advances in Imaging and Electron Physics},
 title = {{C}hapter {T}wo - {S}ingle-{P}article {C}ryo-{E}lectron {M}icroscopy ({C}ryo-{E}M): {P}rogress, {C}hallenges, and {P}erspectives for {F}urther {I}mprovement},
 volume = {185},
 year = {2014}
}

@article{Aldeghi2016,
 author = {Aldeghi, Matteo and Heifetz, Alexander and Bodkin, Michael J. and Knapp, Stefan and Biggin, Philip C.},
 journal = {Chem. Sci.},
 pages = {207--218},
 title = {Accurate Calculation of the Absolute Free Energy of Binding for Drug Molecules},
 volume = {7},
 year = {2016}
}

@article{Alex2011,
 author = { Alex, A. and Millan, D. S. and Perez, M. and Wakenhut, F. and Whitlock, G. A.},
 journal = {MedChemComm},
 pages = {669},
 title = {{I}ntramolecular {H}ydrogen {B}onding to {I}mprove {M}embrane {P}ermeability and {A}bsorption in beyond {R}ule of {F}ive {C}hemical {S}pace},
 volume = {2},
 year = {2011}
}

@inproceedings{Alfayez2018,
 address = {Cham},
 author = {Alfayez, Reem
and Chen, Celia
and Behnamghader, Pooyan
and Srisopha, Kamonphop
and Boehm, Barry},
 booktitle = {Disciplinary Convergence in Systems Engineering Research},
 editor = {Madni, Azad M.
and Boehm, Barry
and Ghanem, Roger G.
and Erwin, Daniel
and Wheaton, Marilee J.},
 isbn = {978-3-319-62217-0},
 pages = {113--125},
 publisher = {Springer International Publishing},
 title = {{A}n {E}mpirical {S}tudy of {T}echnical {D}ebt in {O}pen-{S}ource {S}oftware {S}ystems},
 year = {2018}
}

@misc{Anaconda2020,
 journal = {Anaconda Documentation},
 publisher = {Anaconda Inc.},
 title = {{A}naconda {S}oftware {D}istribution},
 url = {https://docs.anaconda.com/},
 version = {Vers. 2-2.4.0},
 year = {2020}
}

@article{Andersen1980,
 author = {Andersen, Hans C.},
 journal = {J. Chem. Phys.},
 pages = {2384--2393},
 title = {{M}olecular {D}ynamics {S}imulations at {C}onstant {P}ressure and/or {T}emperature},
 volume = {72},
 year = {1980}
}

@article{Appavoo2019,
 author = { Appavoo, S. D. and Huh, S. and Diaz, D. B. and Yudin, A. K.},
 journal = {Chem. Rev.},
 pages = {9724},
 title = {{C}onformational {C}ontrol of {M}acrocycles by {R}emote {S}tructural {M}odification},
 volume = {},
 year = {2019}
}

@article{Armacost2020,
 author = {Armacost, Kira A. and Riniker, Sereina and Cournia, Zoe},
 journal = {J. Chem. Inf. Model.},
 pages = {1--5},
 title = {{N}ovel {D}irections in {F}ree {E}nergy {M}ethods and {A}pplications},
 volume = {60},
 year = {2020}
}

@article{Askerka2017,
 author = {Askerka, Mikhail and Brudvig, Gary W. and Batista, Victor S.},
 journal = {Acc. Chem. Res.},
 pages = {41--48},
 title = {{T}he {O}2-{E}volving {C}omplex of {P}hotosystem {I}I: {R}ecent {I}nsights from {Q}uantum {M}echanics/{M}olecular {M}echanics ({Q}M/{M}M), {E}xtended {X}-ray {A}bsorption {F}ine {S}tructure ({E}XA{F}S), and {F}emtosecond {X}-ray {C}rystallography {D}ata},
 volume = {50},
 year = {2017}
}

@book{Atkins2014,
 author = {Atkins, P and De Paula, J},
 publisher = {OUP Oxford},
 title = {{A}tkins’ physical chemistry},
 year = {2014}
}

@article{Ayer2014,
 author = {Ayer, Vidya M. and Miguez, Sheila and Toby, Brian H.},
 journal = {Powder Diffraction},
 pages = {S48\textendash S64},
 title = {{W}hy scientists should learn to program in {P}ython},
 volume = {29},
 year = {2014}
}

@inproceedings{Backus1957,
 address = {New York, NY, USA},
 author = {Backus, J. W. and Beeber, R. J. and Best, S. and Goldberg, R. and Haibt, L. M. and Herrick, H. L. and Nelson, R. A. and Sayre, D. and Sheridan, P. B. and Stern, H. and Ziller, I. and Hughes, R. A. and Nutt, R.},
 booktitle = {western joint computer conference: Techniques for reliability},
 isbn = {9781450378611},
 location = {Los Angeles, California},
 numpages = {11},
 pages = {188\textendash 198},
 publisher = {Association for Computing Machinery},
 title = {{T}he {F}OR{T}RA{N} Automatic {C}oding {S}ystem},
 year = {1957}
}

@article{Balazs2019,
 author = { Balazs, A. Y. S. and Carbajo, R. J. and Davies, N. L. and Dong, Y. and Hird, A. W. and Johannes, J. W. and Lamb, M. L. and McCoull, W. and Raubo, P. and Robb, G. R. and Packer, M. J. and Chiarparin, E.},
 journal = {J. Med. Chem.},
 pages = {9418},
 title = {{F}ree {L}igand 1{D} N{M}R {C}onformational {S}ignatures to {E}nhance {S}tructure {B}ased {D}rug {D}esign of a {M}cl-1 {I}nhibitor ({A}ZD5991) and {O}ther {S}ynthetic {M}acrocycles},
 volume = {62},
 year = {2019}
}

@article{Barros2022,
 author = {Barros, Emilia P and Ries, Benjamin and B{\"o}selt, Lennard and Champion, Candide and Riniker, Sereina},
 journal = {Curr. Opin. Struct. Biol.},
 pages = {55--62},
 title = {{R}ecent developments in multiscale free energy simulations},
 volume = {72},
 year = {2022}
}

@misc{Beazley1996,
 author = {Beazley, David M.},
 location = {Monterey, California},
 pages = {15},
 series = {TCLTK\textquotesingle 96},
 title = {S{W}IG: {A}n {E}asy to {U}se {T}ool for {I}ntegrating {S}cripting {L}anguages with {C} and {C}++},
 year = {1996}
}

@article{Beck2012,
 author = { Beck, J. G. and Chatterjee, J. and Laufer, B. and Kiran, M. U. and Frank, A. O. and Neubauer, S. and Ovadia, O. and Greenberg, S. and Gilon, C. and Hoffman, A. and Kessler, H.},
 journal = {J. Am. Chem. Soc.},
 pages = {12125},
 title = {{I}ntestinal {P}ermeability of {C}yclic {P}eptides: {C}ommon {K}ey {B}ackbone {M}otifs {I}dentified},
 volume = {134},
 year = {2012}
}

@article{Behnel2011,
 author = {Behnel, Stefan and Bradshaw, Robert and Citro, Craig and Dalcin, Lisandro and Seljebotn, Dag Sverre and Smith, Kurt},
 journal = {Computing in Science \& Engineering},
 pages = {31--39},
 title = {{C}ython: {T}he {B}est of {B}oth {W}orlds},
 volume = {13},
 year = {2011}
}

@article{Bemporad2004,
 author = {Bemporad, Daniele and Essex, Jonathan W. and Luttmann, Claude},
 journal = {J. Phys. Chem.},
 pages = {4875--4884},
 title = {{P}ermeation of {S}mall {M}olecules through a {L}ipid {B}ilayer: {A} Computer {S}imulation {S}tudy},
 volume = {108},
 year = {2004}
}

@article{Bennett1976,
 author = {Bennett, Charles H},
 journal = {J. Comput. Phys.},
 pages = {245--268},
 title = {Efficient Estimation of Free Energy Differences From Monte Carlo Data},
 volume = {22},
 year = {1976}
}

@inbook{Berendsen1981,
 address = {Dordrecht, The Netherlands},
 author = {H. J. C. Berendsen and J. P. M. Postma and W. F. van Gunsteren and J. Hermans},
 booktitle = {Intermolecular Forces},
 pages = {331--342},
 publisher = {Reidel},
 title = {Interaction Models for Water in Relation to Protein Hydration},
 year = {1981}
}

@article{Berendsen1984,
 author = { Berendsen, H. J. C. and Postma, J. P. M. and van Gunsteren, W. F. and DiNola, A. and Haak, J. R.},
 journal = {J. Chem. Phys.},
 pages = {3684},
 title = {{M}olecular {D}ynamics with {C}oupling to an {E}xternal {B}ath},
 volume = {81},
 year = {1984}
}

@article{Berendsen1995,
 author = {Berendsen, H. J. C.  and van der Spoel,D.  and van Drunen, R. },
 journal = {Comp. Phys. Comm.},
 pages = {43--56},
 title = {G{R}OM{A}CS: {A} Message-{P}assing {P}arallel {M}olecular {D}ynamics {I}mplementation},
 volume = {91},
 year = {1995}
}

@article{Berman2000,
 author = {Berman, Helen M. and Westbrook, John and Feng, Zukang and Gilliland, Gary and Bhat, T. N. and Weissig, Helge and Shindyalov, Ilya N. and Bourne, Philip E.},
 journal = {Nucleic Acids Res.},
 pages = {235--242},
 title = {{T}he {P}rotein {D}ata {B}ank},
 volume = {28},
 year = {2000}
}

@article{Bieler2015,
 author = {Bieler, Noah S. and Tschopp, Jan P. and H\"unenberger, Philippe H.},
 journal = {J. Chem. Theory Comput.},
 pages = {2575--2588},
 title = {Multistate $\lambda$-Local-Elevation Umbrella-Sampling (MS-$\lambda$-LEUS): Method and Application to the Complexation of Cations by Crown Ethers},
 volume = {11},
 year = {2015}
}

@article{Bieler2015B,
 author = {Bieler, Noah S. and H\"unenberger, Philippe H.},
 journal = {J. Chem. Theory Comput.},
 pages = {1686--1697},
 title = {Orthogonal sampling in free-energy calculations of residue mutations in a tripeptide: TI versus $\lambda$-LEUS},
 volume = {36},
 year = {2015}
}

@inproceedings{Binder2018,
 author = { Project Jupyter and Matthias Bussonnier and Jessica Forde and Jeremy Freeman and Brian Granger and Tim Head and Chris Holdgraf and Kyle Kelley and Gladys Nalvarte and Andrew Osheroff and M Pacer and Yuvi Panda and Fernando Perez and Benjamin Ragan-Kelley and Carol Willing },
 booktitle = { Proceedings of the 17th Python in Science Conference },
 doi = { 10.25080/Majora-4af1f417-011 },
 editor = { Fatih Akici and David Lippa and Dillon Niederhut and M Pacer },
 pages = { 113 - 120 },
 title = { {B}inder 2.0 - {R}eproducible, interactive, sharable environments for science at scale },
 year = { 2018 }
}

@article{Biron2008,
 author = { Biron, E. and Chatterjee, J. and Ovadia, O. and Langenegger, D. and Brueggen, J. and Hoyer, D. and Schmid, H. A. and Jelinek, R. and Gilon, C. and Hoffman, A. and Kessler, H.},
 journal = {Angew. Chem., Int. Ed.},
 pages = {2595},
 title = {{I}mproving {O}ral {B}ioavailability of {P}eptides by {M}ultiple {N}-Methylation: {S}omatostatin {A}nalogues},
 volume = {47},
 year = {2008}
}

@book{Blanchette2008,
 author = {Blanchette, Jasmin },
 publisher = {Trolltech},
 title = {{T}he {L}ittle {M}anual of {A}PI {D}esign},
 year = {2008}
}

@article{Bleiziffer2018,
 author = {Bleiziffer, Patrick and Schaller, Kay and Riniker, Sereina},
 journal = {J. Chem. Inf. Model.},
 pages = {579--590},
 title = {{M}achine {L}earning of {P}artial {C}harges {D}erived from {H}igh-{Q}uality {Q}uantum-{M}echanical {C}alculations},
 volume = {58},
 year = {2018}
}

@inproceedings{Bloch2006,
 address = {New York, NY, USA},
 author = {Bloch, Joshua},
 booktitle = {Companion to the 21st ACM SIGPLAN Symposium on Object-Oriented Programming Systems, Languages, and Applications},
 isbn = {159593491X},
 location = {Portland, Oregon, USA},
 numpages = {2},
 pages = {506\textendash 507},
 publisher = {Association for Computing Machinery},
 series = {OOPSLA \textquotesingle 06},
 title = {{H}ow to {D}esign a {G}ood {A}PI and {W}hy {I}t {M}atters},
 year = {2006}
}

@article{Blondel1996,
 author = {Blondel, Arnaud and Karplus, Martin},
 journal = {J. Comp. Chem.},
 pages = {1132--1141},
 title = {{N}ew {F}ormulation for {D}erivatives of {T}orsion {A}ngles and {I}mproper {T}orsion {A}ngles in {M}olecular {M}echanics: {E}limination of {S}ingularities},
 volume = {17},
 year = {1996}
}

@article{Bockus2015,
 author = { Bockus, A. T. and Schwochert, J. A. and Pye, C. R. and Townsend, C. E. and Sok, V. and Bednarek, M. A. and Lokey, R. S.},
 journal = {J. Med. Chem.},
 pages = {7409},
 title = {{G}oing {O}ut on a {L}imb: {D}elineating the {E}ffects of \beta -{B}ranching, {N}-Methylation, and {S}ide {C}hain {S}ize on the {P}assive {P}ermeability, {S}olubility, and {F}lexibility of {S}anguinamide {A} Analogues},
 volume = {58},
 year = {2015}
}

@article{Boltzmann1872,
 author = {Boltzmann, L.},
 journal = {Sitzungsber. Kais. Akad. Wiss. Wien Math. Naturwiss. Classe},
 pages = {275--370},
 title = {{W}eitere {S}tudien uber das {W}{\"a}rmegleichgewicht unter {G}asmolekulen},
 volume = {66},
 year = {1872}
}

@article{Boresch1999,
 author = {Boresch, Stefan and Karplus, Martin},
 journal = {J. Phys. Chem. A},
 pages = {119--136},
 title = {The Role of Bonded Terms in Free Energy Simulations. 2. Calculation of Their Influence on Free Energy Differences of Solvation},
 volume = {103},
 year = {1999}
}

@article{Boresch1999B,
 author = {Boresch, Stefan and Karplus, Martin},
 journal = {J. Phys. Chem. A},
 pages = {103--118},
 title = {The Role of Bonded Terms in Free Energy Simulations: 1. Theoretical Analysis},
 volume = {103},
 year = {1999}
}

@misc{Brandl2008,
 author = {Brandl, Georg},
 title = {{S}phinx {D}ocumentation {T}ool},
 year = {2008}
}

@misc{Brandl2021,
 author = {Brandl, Georg},
 journal = {URL http://sphinx-doc. org/sphinx. pdf},
 title = {{S}phinx documentation},
 year = {2021}
}

@misc{Bray2008,
 author = {Bray, T. and Paoli, J. and Sperberg-McQueen, C. M. and Maler, Eve and Yergeau, Francois},
 edition = {5},
 publisher = {W3C},
 title = {{E}xtensible {M}arkup {L}anguage ({X}ML) 1.0},
 year = {2008}
}

@article{Brooks1983,
 author = {Brooks, Bernard R and Bruccoleri, Robert E and Olafson, Barry D and States, David J and Swaminathan, S a and Karplus, Martin},
 journal = {J. Comput. Chem.},
 pages = {187--217},
 title = {C{H}AR{M}M: {A} Program for {M}acromolecular {E}nergy, {M}inimization, and {D}ynamics {C}alculations},
 volume = {4},
 year = {1983}
}

@article{Brooks2009,
 author = {Brooks, B R and Brooks III, C L and Mackerell Jr., A D and Nilsson, L and Petrella, R J and Roux, B and Won, Y and Archontis, G and Bartels, C and Boresch, S and Caflisch, A and Caves, L and Cui, Q and Dinner, A R and Feig, M and Fischer, S and Gao, J and Hodoscek, M and Im, W and Kuczera, K and Lazaridis, T and Ma, J and Ovchinnikov, V and Paci, E and Pastor, R W and Post, C B and Pu, J Z and Schaefer, M and Tidor, B and Venable, R M and Woodcock, H L and Wu, X and Yang, W and York, D M and Karplus, M},
 journal = {J. Comput. Chem.},
 pages = {1545--1614},
 title = {C{H}AR{M}M: {T}he {B}iomolecular {S}imulation {P}rogram},
 volume = {30},
 year = {2009}
}

@article{Bruckner2011,
 author = {Bruckner, Stefan and Boresch, Stefan},
 journal = {J. Comput. Chem.},
 pages = {1320--1333},
 title = {{E}fficiency of {A}lchemical {F}ree {E}nergy {S}imulations. {I}I. {I}mprovements for {T}hermodynamic {I}ntegration},
 volume = {32},
 year = {2011}
}

@article{Brunger1984,
 author = {Br{\"u}nger, Axel and Brooks, Charles L. and Karplus, Martin},
 journal = {Chem. Phys. Lett.},
 pages = {495--500},
 title = {{S}tochastic {B}oundary {C}onditions for {M}olecular {D}ynamics {S}imulations of {S}T2 {W}ater},
 volume = {105},
 year = {1984}
}

@article{Carvalho2021,
 author = {Carvalho Martins, Luan and Cino, Elio A. and Ferreira, Rafaela Salgado},
 journal = {J. Chem. Theory and Comp.},
 pages = {4262--4273},
 title = {PyAutoFEP: An Automated Free Energy Perturbation Workflow for GROMACS Integrating Enhanced Sampling Methods},
 volume = {17},
 year = {2021}
}

@article{Case2005,
 author = {Case, David A. and Cheatham III, Thomas E. and Darden, Tom and Gohlke, Holger and Luo, Ray and Merz Jr., Kenneth M. and Onufriev, Alexey and Simmerling, Carlos and Wang, Bing and Woods, Robert J.},
 journal = {Journal of Computational Chemistry},
 pages = {1668--1688},
 title = {{T}he {A}mber biomolecular simulation programs},
 volume = {26},
 year = {2005}
}

@misc{Cass2017,
 author = {Cass, Stephen},
 journal = {IEEE Spectrum},
 title = {{T}he 2017 {T}op {P}rogramming {L}anguages},
 year = {2017}
}

@misc{Cass2018,
 author = {Cass, Stephen},
 journal = {IEEE Spectrum},
 title = {{T}he 2018 {T}op {P}rogramming {L}anguages},
 volume = {31},
 year = {2018}
}

@misc{Cass2019,
 author = {Cass, Stephen},
 journal = {IEEE Spectrum},
 title = {{T}he 2019 {T}op {P}rogramming {L}anguages},
 year = {2019}
}

@misc{Cass2020,
 author = {Cass, Stephen},
 journal = {IEEE Spectrum},
 title = {{T}he 2020 {T}op {P}rogramming {L}anguages},
 year = {2020}
}

@misc{Cass2021,
 author = {Cass, Stephen},
 journal = {IEEE Spectrum},
 title = {{T}he 2021 {T}op {P}rogramming {L}anguages},
 year = {2021}
}

@article{Cazals2015,
 author = {Cazals, Fr{\'e}d{\'e}ric and Dreyfus, Tom and Mazauric, Dorian and Roth, Christine-Andrea and Robert, Charles H},
 journal = {Journal of computational chemistry},
 pages = {1213--1231},
 title = {{C}onformational ensembles and sampled energy landscapes: {A}nalysis and comparison},
 volume = {36},
 year = {2015}
}

@book{Chacon2014,
 author = {Chacon, Scott and Straub, Ben},
 publisher = {Springer Nature},
 title = {{P}ro git},
 year = {2014}
}

@article{Chavent2014,
 author = {Chavent, Matthieu and Reddy, Tyler and Goose, Joseph and Dahl, Anna Caroline E. and Stone, John E. and Jobard, Bruno and Sansom, Mark S. P.},
 journal = {Faraday Discuss.},
 pages = {455--475},
 title = {{M}ethodologies for the {A}nalysis of {I}nstantaneous {L}ipid {D}iffusion in {M}D {S}imulations of {L}arge {M}embrane {S}ystems},
 volume = {169},
 year = {2014}
}

@article{Cheatham1995,
 author = {Cheatham, T. E. and Miller, J. L. and Fox, T. and Darden, T. A. and Kollman, P. A.},
 journal = {J. Am. Chem. Soc.},
 pages = {4193--4194},
 title = {{M}olecular {D}ynamics {S}imulations on {S}olvated {B}iomolecular {S}ystems: {T}he {P}article {M}esh {E}wald {M}ethod {L}eads to {S}table {T}rajectories of {D}NA, {R}NA, and {P}roteins},
 volume = {117},
 year = {1995}
}

@article{Cheng2017,
 author = {Yifan Cheng and Robert M. Glaeser and Eva Nogales},
 journal = {Cell},
 pages = {1229--1231},
 title = {{H}ow {C}ryo-{E}M {B}ecame so {H}ot},
 volume = {171},
 year = {2017}
}

@article{Chodera2011,
 author = {Chodera, John D and Mobley, David L and Shirts, Michael R and Dixon, Richard W and Branson,  Kim and Pande, Vijay S},
 journal = {Current Opinion in Structural Biology},
 pages = {150--160},
 title = {{A}lchemical free energy methods for drug discovery: progress and challenges},
 volume = {21},
 year = {2011}
}

@article{Chodera2013,
 author = {Chodera, John D. and Mobley, David L.},
 journal = {Annual Rev. Biophys.},
 pages = {121--142},
 title = {{E}ntropy-{E}nthalpy {C}ompensation: {R}ole and {R}amifications in {B}iomolecular {L}igand {R}ecognition and {D}esign},
 volume = {42},
 year = {2013}
}

@article{Christ2007,
 author = {Christ, Clara D. and {van Gunsteren}, Wilfred F.},
 journal = {J. Chem. Phys.},
 pages = {184110},
 title = {Enveloping Distribution Sampling: A Method to Calculate Free Energy Differences From a Single Simulation},
 volume = {126},
 year = {2007}
}

@article{Christ2008,
 author = {Christ, Clara D. and van Gunsteren, Wilfred F.},
 journal = {J. Chem. Phys.},
 pages = {174112},
 title = {Multiple Free Energies From a Single Simulation: Extending Enveloping Distribution Sampling to Nonoverlapping Phase-space Distributions},
 volume = {128},
 year = {2008}
}

@article{Christ2008A,
 author = {Christ, Clara D. and van Gunsteren, Wilfred F.},
 journal = {J. Chem. Phys.},
 pages = {174112},
 title = {{M}ultiple {F}ree {E}nergies {F}rom a {S}ingle {S}imulation: {E}xtending {E}nveloping {D}istribution {S}ampling to {N}onoverlapping {P}hase-space {D}istributions},
 volume = {128},
 year = {2008}
}

@article{Christ2009,
 author = {Christ, Clara D and Mark, Alan E and van Gunsteren, Wilfred F},
 journal = {J. Comput. Chem.},
 pages = {1569--1582},
 title = {Basic Ingredients of Free Energy Calculations: A Review},
 volume = {31},
 year = {2009}
}

@article{Christ2009A,
 author = {Christ, Clara D. and van Gunsteren, Wilfred F.},
 journal = {J. Chem. Theory Comput.},
 pages = {276--286},
 title = {Simple, Efficient, and Reliable Computation of Multiple Free Energy Differences from a Single Simulation: A Reference Hamiltonian Parameter Update Scheme for Enveloping Distribution Sampling (EDS)},
 volume = {5},
 year = {2009}
}

@article{Christ2014,
 author = {Christ, Clara D. and Fox, Thomas},
 journal = {J. Chem. Inf. Model.},
 pages = {108--120},
 title = {Accuracy Assessment and Automation of Free Energy Calculations for Drug Design},
 volume = {54},
 year = {2014}
}

@article{Christen2008,
 author = {Christen, Markus and van Gunsteren, Wilfred F},
 journal = {Journal of Computational Chemistry},
 pages = {157--166},
 title = {{O}n searching in, sampling of, and dynamically moving through conformational space of biomolecular systems: {A} review},
 volume = {29},
 year = {2008}
}

@article{Chène2006,
 author = { Ch{\`e}ne, P.},
 journal = {ChemMedChem},
 pages = {400},
 title = {{D}rugs {T}argeting {P}rotein-{P}rotein {I}nteractions},
 volume = {1},
 year = {2006}
}

@article{Ciccotti1986,
 author = {G. Ciccotti and J.P. Ryckaert},
 journal = {Comput. Phys. Rep.},
 pages = {346--392},
 title = {{M}olecular {D}ynamics {S}imulation of {R}igid {M}olecules},
 volume = {4},
 year = {1986}
}

@article{Cock2009,
 author = {Cock, Peter J. A.
and Antao, Tiago
and Chang, Jeffrey T.
and Chapman, Brad A.
and Cox, Cymon J.
and Dalke, Andrew
and Friedberg, Iddo
and Hamelryck, Thomas
and Kauff, Frank
and Wilczynski, Bartek
and de Hoon, Michiel J. L.},
 journal = {Bioinformatics (Oxford, England)},
 pages = {1422--1423},
 title = {{B}iopython: freely available {P}ython tools for computational molecular biology and bioinformatics},
 volume = {25},
 year = {2009}
}

@book{Cohen1999,
 author = {Cohen, I. Bernard
and Whitman, Anne
and Budenz, Julia},
 edition = {1},
 publisher = {University of California Press},
 title = {{T}he {P}rincipia: {M}athematical {P}rinciples of {N}atural {P}hilosophy},
 year = {1999}
}

@article{Corbett2021,
 author = {Corbett, Karen M. and Ford, Leigh and Warren, Dallas B. and Pouton, Colin W. and Chalmers, David K.},
 journal = {J. of Med. Chem.},
 pages = {13131--13151},
 title = {{C}yclosporin {S}tructure and {P}ermeability: {F}rom {A} to {Z} and {B}eyond},
 volume = {64},
 year = {2021}
}

@article{Cornell1995,
 author = {Cornell, Wendy D and Cieplak, Piotr and Bayly, Christopher I and Gould, Ian R and Merz, Kenneth M and Ferguson, David M and Spellmeyer, David C and Fox, Thomas and Caldwell, James W and Kollman, Peter A},
 journal = {J. Am. Chem. Soc},
 pages = {5179--5197},
 title = {{A} Second {G}eneration {F}orce {F}ield for the {S}imulation of {P}roteins, {N}ucleic {A}cids, and {O}rganic {M}olecules},
 volume = {117},
 year = {1995}
}

@article{Cournia2017,
 author = {Cournia, Zoe and Allen, Bryce and Sherman, Woody},
 journal = {J. Chem. Inf. Model.},
 pages = {2911--2937},
 title = {{R}elative {B}inding {F}ree {E}nergy {C}alculations in {D}rug {D}iscovery: {R}ecent {A}dvances and {P}ractical {C}onsiderations},
 volume = {57},
 year = {2017}
}

@article{Cournia2020,
 author = {Cournia, Zoe and Allen, Bryce K. and Beuming, Thijs and Pearlman, David A. and Radak, Brian K. and Sherman, Woody},
 journal = {J. Chem. Inf. Model.},
 pages = {4153 -- 4169},
 title = {{R}igorous {F}ree {E}nergy {S}imulations in {V}irtual {S}creening},
 volume = {60},
 year = {2020}
}

@article{Crick1970,
 author = {Crick, Francis},
 journal = {Nature},
 pages = {561--563},
 title = {{C}entral {D}ogma of {M}olecular {B}iology},
 volume = {227},
 year = {1970}
}

@article{Culf2010,
 author = { Culf, A. S. and Ouellette, R. J.},
 journal = {Molecules},
 pages = {5282},
 title = {{S}olid-{P}hase {S}ynthesis of {N}-Substituted {G}lycine {O}ligomers (\alpha -{P}eptoids) and {D}erivatives},
 volume = {15},
 year = {2010}
}

@book{Curry1958,
 author = {Curry, Haskell and Feys, Robert and Hindley, Roger and Seldin, Jonathan P.},
 publisher = {North-Holland Publishing Co.},
 title = {{C}ombinatory {L}ogic},
 year = {1958}
}

@article{Damodaran2001,
 author = {Damodaran, K. V. and Banba, Shinichi and Brooks, Charles L.},
 journal = {J. Phys. Chem},
 pages = {9316--9322},
 title = {Application of Multiple Topology $\lambda$-Dynamics to a Host-Guest System: $\beta$-Cyclodextrin with Substituted Benzenes},
 volume = {105},
 year = {2001}
}

@article{Danelius2020,
 author = { Danelius, E. and Poongavanam, V. and Peintner, S. and Wieske, L. H. E. and Erd{\'e}lyi, M. and Kihlberg, J.},
 journal = {Chem. \textendash  Eur. J.},
 pages = {5231},
 title = {{S}olution {C}onformations {E}xplain the {C}hameleonic {B}ehaviour of {M}acrocyclic {D}rugs},
 volume = {26},
 year = {2020}
}

@article{Darden1993,
 author = {Darden,Tom  and York,Darrin  and Pedersen,Lee },
 journal = {The Journal of Chemical Physics},
 pages = {10089--10092},
 title = {{P}article mesh {E}wald: {A}n {N} \textdollar    \textbackslash    dot\textdollar     log({N}) method for {E}wald sums in large systems},
 volume = {98},
 year = {1993}
}

@article{Daura1998,
 author = {Daura, Xavier and Mark, Alan E. and Van Gunsteren, Wilfred F.},
 journal = {J. Comput. Chem.},
 pages = {535--547},
 title = {{P}arametrization of aliphatic {C}Hn united atoms of {G}RO{M}OS96 force field},
 volume = {19},
 year = {1998}
}

@article{Debye1909,
 author = {Debye, P.},
 journal = {Math. Ann.},
 pages = {535--558},
 title = {{N}{\"a}herungsformeln f{\"u}r die {Z}ylinderfunktionen f{\"u}r gro{\ss}e {W}erte des {A}rguments und unbeschr{\"a}nkt ver{\"a}nderliche {W}erte des {I}ndex},
 volume = {67},
 year = {1909}
}

@misc{Delano2020,
 author = {Schr{\"o}dinger, LLC and Warren DeLano},
 date = {2020-05-20},
 title = {{P}yM{O}L},
 url = {http://www.pymol.org/pymol},
 version = {2.4.0}
}

@article{Deltcheva2011,
 author = {Deltcheva, Elitza
and Chylinski, Krzysztof
and Sharma, Cynthia M.
and Gonzales, Karine
and Chao, Yanjie
and Pirzada, Zaid A.
and Eckert, Maria R.
and Vogel, J{\"o}rg
and Charpentier, Emmanuelle},
 journal = {Nature},
 pages = {602--607},
 title = {C{R}IS{P}R {R}NA maturation by trans-encoded small {R}NA and host factor {R}Nase {I}II},
 volume = {471},
 year = {2011}
}

@book{Di2015,
 author = {Di, Li and Kerns, Edward},
 publisher = {Academic press},
 title = {{D}rug-like properties: concepts, structure design and methods from {A}DM{E} to toxicity optimization},
 year = {2015}
}

@incollection{Dobson1986,
 author = {Dobson, CM and Karplus, M},
 booktitle = {Methods in enzymology},
 pages = {362--389},
 publisher = {Elsevier},
 title = {{I}nternal motion of proteins: {N}uclear magnetic resonance measurements and dynamic simulations},
 volume = {131},
 year = {1986}
}

@article{Doerr2016,
 author = {Doerr, Allison},
 journal = {Nat. Methods},
 pages = {23--23},
 title = {{S}ingle-particle cryo-electron microscopy},
 volume = {13},
 year = {2016}
}

@article{Donnini2011,
 author = {Donnini, Serena and Tegeler, Florian and Groenhof, Gerrit and Grubm\"uller, Helmut},
 journal = {J. Chem. Theory Comput.},
 pages = {1962--1978},
 title = {Constant pH Molecular Dynamics in Explicit Solvent with $\lambda$-Dynamics},
 volume = {7},
 year = {2011}
}

@article{Donnini2016,
 author = {Donnini, Serena and Ullmann, R. Thomas and Groenhof, Gerrit and Grubm{\"{u}}ller, Helmut},
 journal = {J. Chem. Theory Comput.},
 pages = {1040--1051},
 title = {Charge-Neutral Constant pH Molecular Dynamics Simulations Using a Parsimonious Proton Buffer},
 volume = {12},
 year = {2016}
}

@article{Dougherty2017,
 author = { Dougherty, P. G. and Qian, Z. and Pei, D.},
 journal = {Biochem. J.},
 pages = {1109},
 title = {{M}acrocycles as {P}rotein\textendash {P}rotein {I}nteraction {I}nhibitors},
 volume = {},
 year = {2017}
}

@article{Driggers2008,
 author = { Driggers, E. M. and Hale, S. P. and Lee, J. and Terrett, N. K.},
 journal = {Nat. Rev. Drug Discovery},
 pages = {608},
 title = {{T}he {E}xploration of {M}acrocycles for {D}rug {D}iscovery--an {U}nderexploited {S}tructural {C}lass},
 volume = {7},
 year = {2008}
}

@article{Dugave2003,
 author = {Dugave, Christophe and Demange, Luc},
 journal = {Chem. Rev.},
 pages = {2475--2532},
 title = {{C}is--{T}rans {I}somerization of {O}rganic {M}olecules and {B}iomolecules: {I}mplications and {A}pplications},
 volume = {103},
 year = {2003}
}

@article{Durrant2011,
 author = {Durrant, Jacob D.
and McCammon, J. Andrew},
 journal = {BMC Biol.},
 pages = {71},
 title = {{M}olecular {D}ynamics {S}imulations and {D}rug {D}iscovery},
 volume = {9},
 year = {2011}
}

@article{Eastman2010,
 author = {Eastman, Peter and Pande, Vijay},
 journal = {Comput. Sci. Eng.},
 pages = {34--39},
 title = {{O}pen{M}M: {A} Hardware-{I}ndependent {F}ramework for {M}olecular {S}imulations},
 volume = {12},
 year = {2010}
}

@article{Eastman2017,
 author = {Eastman, Peter and Swails, Jason and Chodera, John D. and McGibbon, Robert T. and Zhao, Yutong and Beauchamp, Kyle A. and Wang, Lee Ping and Simmonett, Andrew C. and Harrigan, Matthew P. and Stern, Chaya D. and Wiewiora, Rafal P. and Brooks, Bernard R. and Pande, Vijay S.},
 journal = {PLoS Comput. Biol.},
 pages = {e1005659},
 title = {{O}pen{M}M 7: {R}apid {D}evelopment of {H}igh {P}erformance {A}lgorithms for {M}olecular {D}ynamics},
 volume = {13},
 year = {2017}
}

@article{Eichenberger2011,
 author = {A. P. Eichenberger and J. R. Allison and J. Dolenc and D. P. Geerke and B. A. C. Horta and K. Meier and C. Oostenbrink and N. Schmid and D. Steiner and D. Wang and W. F. van Gunsteren},
 journal = {J. Chem. Theory Comput.},
 pages = {3379--3390},
 title = {{T}he {G}RO{M}OS++ {S}oftware for the {A}nalysis of {B}iomolecular {S}imulation {T}rajectories},
 volume = {7},
 year = {2011}
}

@article{Elkin2003,
 author = {Elkin, Lynne Osman},
 journal = {Physics Today},
 pages = {42--48},
 title = {{R}osalind {F}ranklin and the double helix},
 volume = {56},
 year = {2003}
}

@article{Eriksson1995,
 author = {Eriksson, Mats A.L.  and Nilsson, Lennart},
 journal = {J. Mol. Biol.},
 pages = {453--472},
 title = {Structure, Thermodynamics and Cooperativity of the Glucocorticoid Receptor DNA-binding Domain in Complex with Different Response Elements. Molecular Dynamics Simulation and Free Energy Perturbation Studies},
 volume = {253},
 year = {1995}
}

@misc{Fischmann2012,
 author = {Fischmann, T.O.},
 booktitle = {Worldwide Protein Data Bank},
 doi = {10.2210/pdb3u9n/pdb},
 title = {{X}-ray {C}rystal {S}tructure of {C}ompound 1 {B}ound to {H}uman {C}HK1 {K}inase {D}omain},
 year = {2012}
}

@article{Fleck2021,
 author = {Fleck, Markus and Wieder, Marcus and Boresch, Stefan},
 journal = {J. Chem. Theory and Comp.},
 pages = {4403--4419},
 title = {Dummy Atoms in Alchemical Free Energy Calculations},
 volume = {17},
 year = {2021}
}

@article{Fosgerau2015,
 author = { Fosgerau, K. and Hoffmann, T.},
 journal = {Drug Discovery Today},
 pages = {122},
 title = {{P}eptide {T}herapeutics: {C}urrent {S}tatus and {F}uture {D}irections},
 volume = {20},
 year = {2015}
}

@article{Frauenfelder1979,
 author = {Frauenfelder, Hans and Petsko, Gregory A and Tsernoglou, Demetrius},
 journal = {Nature},
 pages = {558--563},
 title = {{T}emperature-{D}ependent {X}-Ray {D}iffraction as a {P}robe of {P}rotein {S}tructural {D}ynamics},
 volume = {280},
 year = {1979}
}

@article{Friedel2003,
 author = {Friedel, Miriam and Sheeler, Daniel J and Shea, Joan-Emma},
 journal = {J. Chem. Phys.},
 pages = {8106--8113},
 title = {{E}ffects of {C}onfinement and {C}rowding on the {T}hermodynamics and {K}inetics of {F}olding of a {M}inimalist \textdollar    \beta    \textdollar     -{B}arrel {P}rotein},
 volume = {118},
 year = {2003}
}

@incollection{Ganney2020,
 author = {Paul S. Ganney and Sandhya Pisharody and Edwin Claridge},
 booktitle = {Clinical Engineering},
 doi = {https://doi.org/10.1016/B978-0-08-102694-6.00009-7},
 edition = {Second Edition},
 editor = {Azzam Taktak and Paul S. Ganney and David Long and Richard G. Axell},
 isbn = {978-0-08-102694-6},
 pages = {131--168},
 publisher = {Academic Press},
 title = {{C}hapter 9 - {S}oftware engineering},
 year = {2020}
}

@article{Gao1989,
 author = {Gao, J and Kuczera, K and Tidor, B and Karplus, M},
 journal = {Science},
 pages = {1069--1072},
 title = {Hidden Thermodynamics of Mutant Proteins: A Molecular Dynamics Analysis},
 volume = {244},
 year = {1989}
}

@article{Gapsys2015,
 author = {Gapsys, Vytautas and Michielssens, Servaas and Seeliger, Daniel and de Groot, Bert L.},
 journal = {J. Comput. Chem.},
 pages = {348--354},
 title = {pmx: Automated Protein Structure and Topology Generation for Alchemical Perturbations},
 volume = {36},
 year = {2015}
}

@article{Gelman1998,
 author = {Gelman, Andrew and Meng, Xiao Li},
 journal = {Stat. Sci.},
 pages = {163--185},
 title = {{S}imulating {N}ormalizing {C}onstants: {F}rom {I}mportance {S}ampling to {B}ridge {S}ampling to {P}ath {S}ampling},
 volume = {13},
 year = {1998}
}

@article{Gibbs1879,
 author = {Gibbs, Josiah Willard},
 journal = {Trans. Conn. Acad. Arts Sci.},
 pages = {108--248},
 title = {{O}n the equilibrium of heterogeneous substances},
 volume = {3},
 year = {1879}
}

@book{Gillmor2017,
 author = {Gillmor, C Stewart},
 publisher = {Princeton University Press},
 title = {{C}oulomb and the {E}volution of {P}hysics and {E}ngineering in {E}ighteenth-{C}entury {F}rance},
 year = {2017}
}

@article{Giordanetto2014,
 author = { Giordanetto, F. and Kihlberg, J.},
 journal = {J. Med. Chem.},
 pages = {278},
 title = {{M}acrocyclic {D}rugs and {C}linical {C}andidates: {W}hat {C}an {M}edicinal {C}hemists {L}earn from {T}heir {P}roperties?},
 volume = {57},
 year = {2014}
}

@misc{Githhubaction20,
 author = {Github},
 title = {{G}ithub {A}ctions},
 url = {https://docs.github.com/en/actions/reference},
 year = {2007}
}

@misc{Github2020,
 author = {Github},
 title = {{G}it{H}ub},
 url = {https://github.com/},
 year = {2020}
}

@article{Glattli2002,
 author = {Gl{\"a}ttli,Alice  and Daura,Xavier  and van Gunsteren,Wilfred F. },
 journal = {J. Chem. Phys.},
 pages = {9811--9828},
 title = {{D}erivation of an {I}mproved {S}imple {P}oint {C}harge {M}odel for {L}iquid {W}ater: {S}PC/{A} and {S}PC/{L}},
 volume = {116},
 year = {2002}
}

@book{Gosling2000,
 author = {Gosling, James and Joy, Bill and Steele, Guy and Bracha, Gilad},
 publisher = {Addison-Wesley Professional},
 title = {{T}he {J}ava language specification},
 year = {2000}
}

@article{Graf2016,
 author = {Graf, Michael M. H. and Maurer, Manuela and Oostenbrink, Chris},
 journal = {J. Comp. Chem.},
 pages = {2597--2605},
 title = {{F}ree-energy {C}alculations of {R}esidue {M}utations in a {T}ripeptide {U}sing {V}arious {M}ethods to {O}vercome {I}nefficient {S}ampling},
 volume = {37},
 year = {2016}
}

@article{Grosdidier2011,
 author = {Grosdidier, Aur{\'e}lien and Zoete, Vincent and Michielin, Olivier},
 journal = {Nucleic Acids Res.},
 pages = {W270--W277},
 title = {{S}wiss{D}ock, a {P}rotein-{S}mall {M}olecule {D}ocking {W}eb {S}ervice {B}ased on {E}ADock {D}SS},
 volume = {39},
 year = {2011}
}

@article{Gunsteren1988,
 author = { Van Gunsteren, W. F. and Berendsen, H. J. C.},
 journal = {Mol. Simul.},
 pages = {173},
 title = {{A} Leap-{F}rog {A}lgorithm for {S}tochastic {D}ynamics},
 volume = {1},
 year = {1988}
}

@article{Gunsteren1990,
 author = {van Gunsteren, Wilfred F. and Berendsen, Herman J. C.},
 journal = {Angew. Chem. Int. Ed.},
 pages = {992--1023},
 title = {{C}omputer {S}imulation of {M}olecular {D}ynamics: {M}ethodology, {A}pplications, and {P}erspectives in {C}hemistry},
 volume = {29},
 year = {1990}
}

@article{Gunsteren2002,
 author = {van Gunsteren, Wilfred F. and Daura, Xavier and Mark, Alan E.},
 journal = {Helvetica Chimica Acta},
 pages = {3113--3129},
 title = {{C}omputation of {F}ree {E}nergy},
 volume = {85},
 year = {2002}
}

@article{Gunsteren2008,
 author = {van Gunsteren, Wilfred F. and Dolenc, J{\u o}zica and Mark, Alan E},
 journal = {Curr. Opin. Struct. Biol.},
 pages = {149--153},
 title = {{M}olecular simulation as an aid to experimentalists},
 volume = {18},
 year = {2008}
}

@article{Guthrie2009,
 author = {Guthrie, J Peter},
 journal = {J. Phys. Chem. B},
 pages = {4501--4507},
 title = {A Blind Challenge for Computational Solvation Free Energies: Introduction and Overview},
 volume = {113},
 year = {2009}
}

@article{Guthrie2014,
 author = {Guthrie, J Peter},
 journal = {J. Comput. Aided},
 pages = {151--168},
 title = {SAMPL4, a Blind Challenge for Computational Solvation Free Energies: the Compounds Considered},
 volume = {28},
 year = {2014}
}

@article{Hahn2019,
 author = {Hahn, David F and H{\"u}nenberger, Philippe H},
 journal = {J. Chem. Theory Comput.},
 pages = {2392--2419},
 title = {{A}lchemical {F}ree-{E}nergy {C}alculations by {M}ultiple-{R}eplica -{D}ynamics: {T}he {C}onveyor {B}elt {T}hermodynamic {I}ntegration {S}cheme},
 volume = {15},
 year = {2019}
}

@article{Hahn2020,
 author = {Hahn, David F. and K{\"o}nig, Gerhard and H\textbackslash  n{\"e}nberger, Philippe H.},
 journal = {J. Chem. Theory Comput.},
 pages = {1630--1645},
 title = {{O}vercoming {O}rthogonal {B}arriers in {A}lchemical {F}ree {E}nergy {C}alculations: {O}n the {R}elative {M}erits of \textdollar  {\l}ambda\textdollar  -{V}ariations, \textdollar  {\l}ambda\textdollar  -{E}xtrapolations, and {B}iasing},
 volume = {16},
 year = {2020}
}

@article{Hanahan2000,
 author = {Hanahan, Douglas and Weinberg, Robert A.},
 journal = {Cell},
 pages = {57--70},
 title = {{T}he {H}allmarks of {C}ancer},
 volume = {100},
 year = {2000}
}

@article{Hanahan2011,
 author = {Hanahan, Douglas and Weinberg, Robert A.},
 journal = {Cell},
 pages = {646--674},
 title = {{H}allmarks of {C}ancer: {T}he {N}ext {G}eneration},
 volume = {144},
 year = {2011}
}

@article{Hansen2012,
 author = {N. Hansen and J. Dolenc and M. Knecht and S. Riniker and W. F. van Gunsteren},
 journal = {J. Comput. Chem.},
 pages = {640--651},
 title = {{A}ssessment of {E}nveloping {D}istribution {S}ampling to {C}alculate {R}elative {F}ree {E}nthalpies of {B}inding for {E}ight {N}etropsin\textendash  {D}NA {D}uplex {C}omplexes in {A}queous {S}olution},
 volume = {33},
 year = {2012}
}

@article{Hansen2014,
 author = {Hansen, Niels and van Gunsteren, Wilfred F.},
 journal = {J. Chem. Theory Comput.},
 pages = {2632--2647},
 title = {{P}ractical {A}spects of {F}ree-{E}nergy {C}alculations: {A} Review},
 volume = {10},
 year = {2014}
}

@article{Hansmann1997,
 author = {Hansmann, Ulrich H E},
 journal = {Chem. Phys. Lett.},
 pages = {140--150},
 title = {Parallel Tempering Algorithm for Conformational Studies of Biological Molecules},
 volume = {281},
 year = {1997}
}

@article{Hastings1970,
 author = {Hastings, W. K.},
 journal = {Biometrika},
 pages = {97--109},
 title = {{M}onte {C}arlo {S}ampling {M}ethods {U}sing {M}arkov {C}hains and {T}heir {A}pplications},
 volume = {57},
 year = {1970}
}

@article{Hawkins2010,
 author = { Hawkins, P. C. D. and Skillman, A. G. and Warren, G. L. and Ellingson, B. A. and Stahl, M. T.},
 journal = {J. Chem. Inf. Model.},
 pages = {572},
 title = {{C}onformer {G}eneration with {O}ME{G}A: {A}lgorithm and {V}alidation {U}sing {H}igh {Q}uality {S}tructures from the {P}rotein {D}atabank and {C}ambridge {S}tructural {D}atabase},
 volume = {50},
 year = {2010}
}

@article{Hawkins2012,
 author = { Hawkins, P. C. D. and Nicholls, A.},
 journal = {J. Chem. Inf. Model.},
 pages = {2919},
 title = {{C}onformer {G}eneration with {O}ME{G}A: {L}earning from the {D}ata {S}et and the {A}nalysis of {F}ailures},
 volume = {52},
 year = {2012}
}

@article{Heinz2001,
 author = {Heinz, Tim N and van Gunsteren, Wilfred F and H{\"u}nenberger, Philippe H},
 journal = {J. Chem. Phys.},
 pages = {1125--1136},
 title = {Comparison of four methods to compute the dielectric permittivity of liquids from molecular dynamics simulations},
 volume = {115},
 year = {2001}
}

@book{Helmholtz1882,
 author = {von Helmholtz, Hermann},
 publisher = {Sitz. K. Akad. Wiss. Berlin},
 title = {{D}ie thermodynamik chemischer {V}org{\"a}nge},
 year = {1882}
}

@article{Henine2004,
 author = {H\'enin, J.  and Chipot, Christophe },
 journal = {J. Chem. Phys.},
 pages = {2904--2914},
 title = {Overcoming Free Energy Barriers Using Unconstrained Molecular Dynamics Simulations},
 volume = {121},
 year = {2004}
}

@article{Henning2009,
 author = {Henning, Michi},
 journal = {Commun. ACM},
 pages = {46\textendash 56},
 title = {A{P}I {D}esign {M}atters},
 volume = {52},
 year = {2009}
}

@article{Hess1997,
 author = {Hess, Berk and Bekker, Henk and Berendsen, Herman J. C. and Fraaije, Johannes G. E. M.},
 journal = {J. Comput. Chem.},
 pages = {1463--1472},
 title = {L{I}NC{S}: {A} Linear {C}onstraint {S}olver for {M}olecular {S}imulations},
 volume = {18},
 year = {1997}
}

@article{Hess2008,
 author = {Hess, Berk and Kutzner, Carsten and van der Spoel, David and Lindahl, Erik},
 journal = {J. Chem. Theory Comput.},
 pages = {435--447},
 title = {G{R}OM{A}CS 4: {A}lgorithms for {H}ighly {E}fficient, {L}oad-{B}alanced, and {S}calable {M}olecular {S}imulation},
 volume = {4},
 year = {2008}
}

@article{Hestenes1952,
 author = {Hestenes, Magnus R and Stiefel, Eduard},
 journal = {J. Res. Natl. Bur. Stand.},
 pages = {409--436},
 title = {{M}ethods of {C}onjugate {G}radients for {S}olving {L}inear {S}ystems},
 volume = {49},
 year = {1952}
}

@article{Hewitt2015,
 author = {Hewitt, William M. and Leung, Siegfried S. F. and Pye, Cameron R. and Ponkey, Alexandra R. and Bednarek, Maria and Jacobson, Matthew P. and Lokey, R. Scott},
 journal = {J. Am. Chem. Soc.},
 pages = {715--721},
 title = {{C}ell-{P}ermeable {C}yclic {P}eptides from {S}ynthetic {L}ibraries {I}nspired by {N}atural {P}roducts},
 volume = {137},
 year = {2015}
}

@misc{Hf52020,
 author = {hdfgroup},
 month = {09},
 note = {An optional note},
 title = {H{D}F5 version 1.10.7 released on 2020-09-16},
 year = {2020}
}

@book{Hockney1970,
 author = {Hockney, R. W.},
 publisher = {Methods Comput. Phys.},
 title = {{T}he {P}otential {C}alculation and {S}ome {A}pplications},
 year = {1970}
}

@article{Hollingsworth2018,
 author = {Hollingsworth, Scott A and Dror, Ron O},
 journal = {Neuron},
 pages = {1129--1143},
 title = {{M}olecular {D}ynamics {S}imulation for {A}ll},
 volume = {99},
 year = {2018}
}

@article{Homeyer2013,
 author = {Homeyer, Nadine and Gohlke, Holger},
 journal = {J. Comput. Chem.},
 pages = {965--973},
 title = {FEW: A Workflow Tool for Free Energy Calculations of Ligand Binding},
 volume = {34},
 year = {2013}
}

@article{Hong2020,
 author = {Hong, Fan and Schreck, John S and {\v S}ulc, Petr},
 journal = {Nucleic Acids Res.},
 pages = {10726--10738},
 title = {{U}nderstanding {D}NA {I}nteractions in {C}rowded {E}nvironments with a {C}oarse-{G}rained {M}odel},
 volume = {48},
 year = {2020}
}

@article{Hoover1985,
 author = {Hoover, William G.},
 journal = {Phys. Rev. A},
 pages = {1695--1697},
 title = {{C}anonical {D}ynamics: {E}quilibrium {P}hase-{S}pace {D}istributions},
 volume = {31},
 year = {1985}
}

@article{Hoveyda2011,
 author = { Hoveyda, H. R. and Marsault, E. and Gagnon, R. and Mathieu, A. P. and V{\'e}zina, M. and Landry, A. and Wang, Z. and Benakli, K. and Beaubien, S. and Saint-Louis, C. and Brassard, M. and Pinault, J. F. and Ouellet, L. and Bhat, S. and Ramaseshan, M. and Peng, X. and Foucher, L. and Beauchemin, S. and Bh{\'e}rer, P. and Veber, D. F. and Peterson, M. L. and Fraser, G. L.},
 journal = {J. Med. Chem.},
 pages = {8305},
 title = {{O}ptimization of the {P}otency and {P}harmacokinetic {P}roperties of a {M}acrocyclic {G}hrelin {R}eceptor {A}gonist ({P}art {I}): {D}evelopment of {U}limorelin ({T}ZP-101) from {H}it to {C}linic},
 volume = {54},
 year = {2011}
}

@article{Huang2012,
 author = {Huang, Xiaohua and Cheng, Cliff C and Fischmann, Thierry O and Duca, Jos{\'e} S and Yang, Xianshu and Richards, Matthew and Shipps, Gerald W},
 journal = {ACS Med. Chem. Lett.},
 pages = {123--128},
 title = {{D}iscovery of a {N}ovel {S}eries of {C}HK1 {K}inase {I}nhibitors with a {D}istinctive {H}inge {B}inding {M}ode},
 volume = {3},
 year = {2012}
}

@article{Huber1994,
 author = {Huber, Thomas and Torda, Andrew E. and van Gunsteren, Wilfred F.},
 journal = {J. Comput. Aided Mol. Des.},
 pages = {695--708},
 title = {{L}ocal {E}levation: {A} Method for {I}mproving the {S}earching {P}roperties of {M}olecular {D}ynamics {S}imulation},
 volume = {8},
 year = {1994}
}

@article{Hunter2007,
 author = {Hunter, John D.},
 journal = {Comput. Sci. Eng.},
 pages = {99--104},
 title = {{M}atplotlib: {A} 2{D} Graphics {E}nvironment},
 volume = {9},
 year = {2007}
}

@article{Hyeon2011,
 author = {Hyeon, Changbong
and Thirumalai, D.},
 journal = {Nat. Commun.},
 pages = {487},
 title = {{C}apturing the {E}ssence of {F}olding and {F}unctions of {B}iomolecules {U}sing {C}oarse-{G}rained {M}odels},
 volume = {2},
 year = {2011}
}

@article{Iozzi2009,
 author = { Maria Francesca   Iozzi  and  Trygve   Helgaker  and  Einar   Uggerud },
 journal = {Mol. Phys.},
 pages = {2537--2546},
 title = {{A}ssessment of {T}heoretical {M}ethods for the {D}etermination of the {M}echanochemical {S}trength of {C}ovalent {B}onds},
 volume = {107},
 year = {2009}
}

@article{Irrgang2018,
 author = {Irrgang, M Eric and Hays, Jennifer M and Kasson, Peter M},
 journal = {Bioinformatics},
 pages = {3945--3947},
 title = {gmxapi: a high-level interface for advanced control and extension of molecular dynamics simulations},
 volume = {34},
 year = {2018}
}

@book{Jacobsen2007,
 author = {Jacobsen, Neil E},
 publisher = {John Wiley \& Sons},
 title = {N{M}R spectroscopy explained: simplified theory, applications and examples for organic chemistry and structural biology},
 year = {2007}
}

@article{Janin2008,
 author = { Janin, J. and Bahadur, R. P. and Chakrabarti, P.},
 journal = {Q. Rev. Biophys.},
 pages = {133},
 title = {{P}rotein-{P}rotein {I}nteraction and {Q}uaternary {S}tructure},
 volume = {41},
 year = {2008}
}

@misc{Jcconduct2021,
 author = {BioMed Central},
 howpublished = {http://biomedcentral.com/getpublished/editorial-policies},
 note = {Accessed: 2021-12-07},
 title = {{E}ditorial {P}olicies}
}

@article{Jespers2019,
 author = {Jespers, Willem and Esguerra, Mauricio and {\AA}qvist, Johan and Guti{\'{e}}rrez-De-Ter{\'{a}}n, Hugo},
 journal = {J. Cheminf.},
 pages = {26},
 title = {QligFEP: An Automated Workflow for Small Molecule Free Energy Calculations in Q},
 volume = {11},
 year = {2019}
}

@article{Jespers2019B,
 author = {Jespers, Willem and Isaksen, Geir V. and Andberg, Tor A.H. and Vasile, Silvana and van Veen, Amber and Aqvist, Johan and Brandsdal, Bjorn Olav and Guti\'errez-de-Ter\'an, Hugo},
 journal = {J. Chem. Theory Comput.},
 pages = {5461--5473},
 title = {QresFEP: An Automated Protocol for Free Energy Calculations of Protein Mutations in Q},
 volume = {15},
 year = {2019}
}

@article{Jiang2019,
 author = {Wei, Jiang and Chipot, Christophe and Roux, Beno\^it},
 journal = {J. Chem. Inf. Model.},
 pages = {3794--3802},
 title = {Computing Relative Binding Affinity of Ligands to Receptor: An Effective Hybrid Single-Dual-Topology Free-Energy Perturbation Approach in NAMD},
 volume = {59},
 year = {2019}
}

@manual{Johansson2013,
 author = {Fredrik Johansson et al},
 key = {mpmath},
 month = {December},
 note = {{\tt http://mpmath.org/}},
 title = {mpmath: a {P}ython library for arbitrary-precision floating-point arithmetic (version 0.18)},
 year = {2013}
}

@article{Jones1924,
 author = {Jones, J. E.},
 journal = {Proc. Royal Soc. London},
 pages = {441--462},
 title = {{O}n the {D}etermination of {M}olecular {F}ields. {I}. {F}rom the {V}ariation of the {V}iscosity of a {G}as with {T}emperature},
 volume = {106},
 year = {1924}
}

@article{Jorgensen1983,
 author = {Jorgensen,William L.  and Chandrasekhar,Jayaraman  and Madura,Jeffry D.  and Impey,Roger W.  and Klein,Michael L. },
 journal = {J. Chem. Phys.},
 pages = {926--935},
 title = {{C}omparison of {S}imple {P}otential {F}unctions for {S}imulating {L}iquid {W}ater},
 volume = {79},
 year = {1983}
}

@article{Jorgensen1985,
 author = {Jorgensen, William L.  and Ravimohan, C. },
 journal = {J. Chem. Phys.},
 pages = {3050--3054},
 title = {Monte Carlo Simulation of Differences in Free Energies of Hydration},
 volume = {83},
 year = {1985}
}

@article{Jorgensen1988,
 author = {Jorgensen, William L and Tirado-Rives, Julian},
 journal = {J. Am. Chem. Soc.},
 pages = {1657--1666},
 title = {{T}he {O}PL{S} [{O}ptimized {P}otentials for {L}iquid {S}imulations] {P}otential {F}unctions for {P}roteins, {E}nergy {M}inimizations for {C}rystals of {C}yclic {P}eptides and {C}rambin},
 volume = {110},
 year = {1988}
}

@article{Jorgensen1988B,
 author = {Jorgensen,William L.  and Buckner,J. Kathleen  and Boudon,Stephane  and Tirado‐Rives,Julian },
 journal = {J. Chem. Phys.},
 pages = {3742--3746},
 title = {{E}fficient {C}omputation of {A}bsolute {F}ree {E}nergies of {B}inding by {C}omputer {S}imulations. {A}pplication to the {M}ethane {D}imer in {W}ater},
 volume = {89},
 year = {1988}
}

@article{Jorgensen1996,
 author = {Jorgensen, William L and Maxwell, David S and Tirado-Rives, Julian},
 journal = {J. Am. Chem. Soc},
 pages = {11225--11236},
 title = {{D}evelopment and {T}esting of the {O}PL{S} All-{A}tom {F}orce {F}ield on {C}onformational {E}nergetics and {P}roperties of {O}rganic {L}iquids},
 volume = {118},
 year = {1996}
}

@article{Karplus2002,
 author = {Karplus, Martin and McCammon, J Andrew},
 journal = {Nature Structural Biology},
 pages = {646--652},
 title = {{M}olecular dynamics simulations of biomolecules},
 volume = {9},
 year = {2002}
}

@article{Kashefolgheta2020,
 author = {Kashefolgheta, Sadra and Oliveira, Marina P. and Rieder, Salom{\'e} R. and Horta, Bruno A. C. and Acree, William E. and H{\"u}nenberger, Philippe H.},
 journal = {J. Chem. Theory Comput.},
 pages = {7556--7580},
 title = {{E}valuating {C}lassical {F}orce {F}ields against {E}xperimental {C}ross-{S}olvation {F}ree {E}nergies},
 volume = {16},
 year = {2020}
}

@article{Katzgraber2006,
 author = {Katzgraber, Helmut G and Trebst, Simon and Huse, David A and Troyer, Matthias},
 journal = {J. Stat. Mech.},
 pages = {P03018--P03018},
 title = {{F}eedback-{O}ptimized {P}arallel {T}empering {M}onte {C}arlo},
 volume = {2006},
 year = {2006}
}

@article{Kawai2016,
 author = {Kawai, Shigeki
and Foster, Adam S.
and Bj{\"o}rkman, Torbj{\"o}rn
and Nowakowska, Sylwia
and Bj{\"o}rk, Jonas
and Canova, Filippo Federici
and Gade, Lutz H.
and Jung, Thomas A.
and Meyer, Ernst},
 journal = {Nature Comm.},
 pages = {11559},
 title = {{V}an der {W}aals {I}nteractions and the {L}imits of {I}solated {A}tom {M}odels at {I}nterfaces},
 volume = {7},
 year = {2016}
}

@inproceedings{Kay1993,
 address = {New York, NY, USA},
 author = {Kay, Alan C.},
 booktitle = {The Second ACM SIGPLAN Conference on History of Programming Languages},
 doi = {10.1145/154766.155364},
 isbn = {0897915704},
 location = {Cambridge, Massachusetts, USA},
 numpages = {27},
 pages = {69\textendash 95},
 publisher = {Association for Computing Machinery},
 series = {HOPL-II},
 title = {{T}he {E}arly {H}istory of {S}malltalk},
 year = {1993}
}

@article{Kazemi2015,
 author = {Kazemi, Masoud
and {\AA}qvist, Johan},
 journal = {Nat. Commun.},
 pages = {7293},
 title = {{C}hemical {R}eaction {M}echanisms in {S}olution from {B}rute {F}orce {C}omputational {A}rrhenius {P}lots},
 volume = {6},
 year = {2015}
}

@article{Keller2010,
 author = { Keller, B. and Daura, X. and Van Gunsteren, W. F.},
 journal = {J. Chem. Phys.},
 pages = {074110},
 title = {{C}omparing {G}eometric and {K}inetic {C}luster {A}lgorithms for {M}olecular {S}imulation {D}ata},
 volume = {132},
 year = {2010}
}

@article{Kendrew1958,
 author = {Kendrew, John C and Bodo, G and Dintzis, Howard M and Parrish, RG and Wyckoff, Harold and Phillips, David C},
 journal = {Nature},
 pages = {662--666},
 title = {{A} Three-{D}imensional {M}odel of the {M}yoglobin {M}olecule {O}btained by {X}-Ray {A}nalysis},
 volume = {181},
 year = {1958}
}

@book{Kernighan2006,
 author = {Kernighan, Brian W and Ritchie, Dennis M},
 publisher = {Prentice-Hall},
 title = {{T}he {C} programming language},
 year = {1988}
}

@article{Kirkwood1935,
 author = {Kirkwood, John G},
 journal = {J. Chem. Phys.},
 pages = {300--313},
 title = {Statistical Mechanics of Fluid Mixtures},
 volume = {3},
 year = {1935}
}

@article{Kluyver2016,
 author = {Kluyver, Thomas and Ragan-kelley, Benjamin and P{\'e}rez, Fernando and Granger, Brian and Bussonnier, Matthias and Frederic, Jonathan and Kelley, Kyle and Hamrick, Jessica and Grout, Jason and Corlay, Sylvain and Ivanov, Paul and Avila, Dami{\'a}n and Abdalla, Safia and Willing, Carol and Development Team, Jupyter},
 journal = {ELPUB},
 pages = {87--90},
 title = {{J}upyter {N}otebooks -- {A} Publishing {F}ormat for {R}eproducible {C}omputational {W}orkflows},
 volume = {-},
 year = {2016}
}

@article{Knight2009A,
 author = {Knight, Jennifer L. and Brooks III, Charles L.},
 journal = {J. Comput. Chem.},
 pages = {1692--1700},
 title = {\textdollar    {\l}ambda\textdollar    -{D}ynamics {F}ree {E}nergy {S}imulation {M}ethods},
 volume = {30},
 year = {2009}
}

@article{Knight2011,
 author = {J. L. Knight and C. L. Brooks III},
 journal = {J. Chem. Theory Comput.},
 pages = {2728--2739},
 title = {Multisite $\lambda$ Dynamics for Simulated Structure--Activity Relationship Studies},
 volume = {7},
 year = {2011}
}

@article{Koenig2020,
 author = {K{\"o}nig, Gerhard and Glaser, Nina and Schroeder, Benjamin and H{\"u}nenberger, Philippe Henry and Riniker, Sereina},
 journal = {J. Chem. Inf. Model.},
 pages = {5407\textendash  --5423},
 title = {{A}n {A}lternative to {C}onventional \textdollar  {\l}ambda\textdollar  -{I}ntermediate {S}tates in {A}lchemical {F}ree {E}nergy {C}alculations: \textdollar  {\l}ambda\textdollar  -{E}nveloping {D}istribution {S}ampling},
 volume = {60},
 year = {2020}
}

@article{Kollman1993,
 author = {Kollman, Peter},
 journal = {Chem. Rev.},
 pages = {2395--2417},
 title = {{F}ree {E}nergy {C}alculations: {A}pplications to {C}hemical and {B}iochemical {P}henomena},
 volume = {93},
 year = {1993}
}

@article{Konig2012,
 author = {K{\"o}nig, Gerhard and Boresch, Stefan},
 journal = {J. Comput. Chem.},
 pages = {1082--1090},
 title = {{N}on-{B}oltzmann {S}ampling and {B}ennett\textquotesingle    s {A}cceptance {R}atio {M}ethod: {H}ow to {P}rofit from {B}ending the {R}ules},
 volume = {32},
 year = {2012}
}

@article{Konig2016,
 author = {K{\"o}nig, Gerhard and Brooks, Bernard R},
 journal = {Biochim. Biophys. Acta - General Subjects},
 pages = {932--943},
 title = {{C}orrecting for the {F}ree {E}nergy {C}osts of {B}ond or {A}ngle {C}onstraints in {M}olecular {D}ynamics {S}imulations},
 volume = {1850},
 year = {2016}
}

@article{Konig2018,
 author = {K{\"o}nig, Gerhard and Brooks, Bernard R. and Thiel, Walter and York, Darrin M.},
 journal = {Mol. Sim.},
 pages = {1062--1081},
 title = {{O}n the {C}onvergence of {M}ulti-scale {F}ree {E}nergy {S}imulations},
 volume = {44},
 year = {2018}
}

@article{Konig2018A,
 author = {K{\"o}nig, Gerhard and Brooks, Bernard R. and Thiel, Walter and York, Darrin M.},
 journal = {Mol. Sim.},
 pages = {1062--1081},
 title = {{O}n the {C}onvergence of {M}ulti-scale {F}ree {E}nergy {S}imulations},
 volume = {44},
 year = {2018}
}

@article{Konig2021,
  title={Efficient Alchemical Intermediate States in Free Energy Calculations Using $\lambda$-Enveloping Distribution Sampling},
  author={K\"onig, Gerhard and Ries, Benjamin and H\"unenberger, Philippe H and Riniker, Sereina},
  journal={J. Chem. Theory Comput.},
  volume={17},
  number={9},
  pages={5805--5815},
  year={2021},
  publisher={ACS Publications}
}

@incollection{Koranne2011,
 author = {Koranne, Sandeep},
 booktitle = {Handbook of open source tools},
 pages = {127--143},
 publisher = {Springer},
 title = {{B}oost c++ libraries},
 year = {2011}
}

@article{Kotz1998,
 author = { Kotz, S. and Johnson, N. L.},
 journal = {Technometrics},
 pages = {165},
 title = {{B}reakthroughs in {S}tatistics, {V}olume {I}II},
 volume = {40},
 year = {1998}
}

@misc{Krekel2004,
 author = {Krekel, Holger and Oliveira, Bruno and Pfannschmidt, Ronny and Bruynooghe, Floris and Laugher, Brianna and Bruhin, Florian and Al, Et},
 title = {{P}ytest: {H}elps {Y}ou {W}rite {B}etter {P}rograms},
 year = {2004}
}

@article{Kruskal1956,
 author = {Kruskal, Joseph B.},
 journal = {Proc. Amer. Math. Soc.},
 pages = {48--48},
 title = {On the Shortest Spanning Subtree of a Graph and the Traveling Salesman Problem},
 volume = {7},
 year = {1956}
}

@article{Kuhlbrandt2014,
 author = {Werner K{\"u}hlbrandt },
 journal = {Science},
 pages = {1443--1444},
 title = {{T}he {R}esolution {R}evolution},
 volume = {343},
 year = {2014}
}

@book{Ladd1977,
 author = {Ladd, Marcus Frederick Charles and Palmer, Rex Alfred and Palmer, Rex Alfred},
 publisher = {Springer},
 title = {{S}tructure determination by {X}-ray crystallography},
 year = {1977}
}

@article{Laio2002,
 author = {Laio, Alessandro and Parrinello, Michele},
 journal = {Proceed. Natl. Acad. Sci. U.S.A.},
 pages = {12562--12566},
 title = {{E}scaping {F}ree-{E}nergy {M}inima},
 volume = {20},
 year = {2002}
}

@inproceedings{Lam2015,
 address = {New York, NY, USA},
 articleno = {7},
 author = {Lam, Siu Kwan and Pitrou, Antoine and Seibert, Stanley},
 booktitle = {Proceedings of the Second Workshop on the LLVM Compiler Infrastructure in HPC},
 isbn = {9781450340052},
 location = {Austin, Texas},
 numpages = {6},
 publisher = {Association for Computing Machinery},
 series = {LLVM \textquotesingle 15},
 title = {{N}umba: {A} L{L}VM-{B}ased {P}ython {J}IT {C}ompiler},
 year = {2015}
}

@misc{Landrum2021,
 author = {G. Landrum and P. Tosco and B. Kelley and S. Riniker and Ric and gedeck and R. Vianello and N. Schneider and A. Dalke and Dan N and et al.},
 month = {Mar},
 publisher = {Zenodo},
 title = {rdkit/rdkit: 2020\_09\_5 ({Q}3 2020) {R}elease},
 year = {2021}
}

@inproceedings{Lattner2008,
 author = {Lattner, Chris},
 booktitle = {The BSD conference},
 title = {L{L}VM and {C}lang: {N}ext generation compiler technology},
 volume = {5},
 year = {2008}
}

@book{Leach2001,
 author = {Leach, Andrew R.},
 publisher = {Pearson Education Limited},
 title = {{M}olecular {M}odelling -- {P}rinciples and {A}pplications},
 year = {2001}
}

@article{Lee2014,
 author = {Lee, Juyong and Miller, Benjamin T and Damjanovi{\' c}, Ana and Brooks, Bernard R},
 journal = {J. Chem. Theory Comput.},
 pages = {2738--2750},
 title = {{C}onstant p{H} Molecular {D}ynamics in {E}xplicit {S}olvent with {E}nveloping {D}istribution {S}ampling and {H}amiltonian {E}xchange},
 volume = {10},
 year = {2014}
}

@article{Lee2015,
 author = {Lee, Juyong and Miller, Benjamin T and Damjanovi{\' c}, Ana and Brooks, Bernard R},
 journal = {J. Chem. Theory Comput.},
 pages = {2560--2574},
 title = {{E}nhancing {C}onstant-p{H} Simulation in {E}xplicit {S}olvent with a {T}wo-{D}imensional {R}eplica {E}xchange {M}ethod},
 volume = {11},
 year = {2015}
}

@misc{Lehner2021,
 author = {Marc Thierry Lehner and Benjamin Ries and Salom{\'e} Rieder and Sereina Riniker},
 doi = {10.5281/zenodo.4621710},
 month = {Mar},
 publisher = {Zenodo},
 title = {rinikerlab/{P}yGromos{T}ools: {P}yGromos{T}ools\_{V}2 (v2.0)},
 year = {2021}
}

@article{Leino2002,
 author = {Leino, K. Rustan M. and Nelson, Greg},
 journal = {ACM Trans. Program. Lang. Syst.},
 pages = {491\textendash --553},
 title = {{D}ata {A}bstraction and {I}nformation {H}iding},
 volume = {24},
 year = {2002}
}

@article{Lemke2018,
 author = {Lemke, Oliver and Keller, Bettina G.},
 journal = {Algorithms},
 pages = {19},
 title = {{C}ommon {N}earest {N}eighbor {C}lustering -- {A} Benchmark},
 volume = {11},
 year = {2018}
}

@article{Li2008,
 author = {Li, Xueqiang and Wang, Mei and Zhang, Suping and Pan, Jingxi and Na, Yong and Liu, Jianhui and {\AA}kermark, Bj{\"o}rn and Sun, Licheng},
 journal = {J. Chem. Phys.},
 pages = {8198--8202},
 title = {{N}oncovalent {A}ssembly of a {M}etalloporphyrin and an {I}ron {H}ydrogenase {A}ctive-{S}ite {M}odel: {P}hoto-{I}nduced {E}lectron {T}ransfer and {H}ydrogen {G}eneration},
 volume = {112},
 year = {2008}
}

@article{Li2013,
 author = {Li, Minghai and Duan, Mojie and Fan, Jue and Han, Li and Huo, Shuanghong},
 journal = {J. Chem. Phys.},
 pages = {185101},
 title = {{G}raph {R}epresentation of {P}rotein {F}ree {E}nergy {L}andscape},
 volume = {139},
 year = {2013}
}

@book{Liao2020,
 author = {Liao, Qinghua},
 edition = {1},
 publisher = {Elsevier Inc.},
 title = {{E}nhanced {S}ampling and {F}ree {E}nergy {C}alculations for {P}rotein {S}imulations},
 volume = {170},
 year = {2020}
}

@article{Lier2020,
 author = {Lier, Bettina and {\"O}hlknecht, Christoph and de Ruiter, Anita and Gebhardt, Julia and van Gunsteren, Wilfred F. and Oostenbrink, Chris and Hansen, Niels},
 journal = {Living J. Comp. Mol. Sci.},
 pages = {18552},
 title = {{A} Suite of {A}dvanced {T}utorials for the {G}RO{M}OS {B}iomolecular {S}imulation {S}oftware [{A}rticle v1.0]},
 volume = {2},
 year = {2020}
}

@article{Lin2011,
 author = {Lin, Zhixiong and Liu, Haiyan and Riniker, Sereina and Van Gunsteren, Wilfred F},
 journal = {J. Chem. Theory Comput.},
 pages = {3884--3897},
 title = {{O}n the {U}se of {E}nveloping {D}istribution {S}ampling ({E}DS) to {C}ompute {F}ree {E}nthalpy {D}ifferences {B}etween {D}ifferent {C}onformational {S}tates of {M}olecules: {A}pplication to 3\textdollar  \_10\textdollar  -, \textbackslash  textalpha -, and \textbackslash  textpi -helices},
 volume = {7},
 year = {2011}
}

@article{Lindahl2001,
 author = {Lindahl, Erik and Hess, Berk and van der Spoel, David},
 journal = {J. Mol. Model.},
 pages = {306--317},
 title = {G{R}OM{A}CS 3.0: {A} Package for {M}olecular {S}imulation and {T}rajectory {A}nalysis},
 volume = {7},
 year = {2001}
}

@article{Lindorfflarsen2010,
 author = {Lindorff-Larsen, K and Piana, S and Palmo, K and Maragakis, P. and Klepeis, JL and Dror, RO and Shaw, DE},
 journal = {J. Am. Chem. Soc},
 pages = {1950--1958},
 title = {{I}mproved {S}ide-{C}hain {T}orsion {P}otentials for the {A}mber ff99{S}B {P}rotein {F}orce {F}ield. {P}roteins},
 volume = {78},
 year = {2010}
}

@article{Lipinski2001,
 author = {Lipinski, Christopher A  and Lombardo, Franco and Dominy, Beryl W and Feeney, Paul J},
 journal = {Advanced Drug Delivery Reviews},
 pages = {3--26},
 title = {{E}xperimental and {C}omputational {A}pproaches to {E}stimate {S}olubility and {P}ermeability in {D}rug {D}iscovery and {D}evelopment {S}ettings},
 volume = {46},
 year = {2001}
}

@article{Liu2013,
 author = {S. Liu and Y. Wu and T. Lin and R. Abel and J. P. Redmann and C. M. Summa and V. R. Jaber and N. M. Lim and D. L. Mobley},
 journal = {J. Comput. Aided Mol. Des.},
 pages = {755--770},
 title = {Lead Optimization Mapper: Automating Free Energy Calculations for Lead Optimization},
 volume = {27},
 year = {2013}
}

@article{Liu2015,
 author = {Liu, Shuai and Wang, Lingle and Mobley, David L.},
 journal = {J. Chem. Inf. Model.},
 pages = {727--735},
 title = {Is Ring Breaking Feasible in Relative Binding Free Energy Calculations?},
 volume = {55},
 year = {2015}
}

@article{Loeffler2015,
 author = {Loeffler, Hannes H. and Michel, Julien and Woods, Christopher},
 journal = {J. Chem. Inf. Model.},
 pages = {2485--2490},
 title = {FESetup: Automating Setup for Alchemical Free Energy Simulations},
 volume = {55},
 year = {2015}
}

@article{Mackerell1995,
 author = {MacKerell Jr, Alexander D and Wiorkiewicz-Kuczera, Joanna and Karplus, Martin},
 journal = {J. Am. Chem. Soc.},
 pages = {11946--11975},
 title = {{A}n {A}ll-{A}tom {E}mpirical {E}nergy {F}unction for the {S}imulation of {N}ucleic {A}cid},
 volume = {117},
 year = {1995}
}

@article{Mackerell1998,
 author = {MacKerell, A. D. and Bashford, D. and Bellott, M. and Dunbrack, R. L. and Evanseck, J. D. and Field, M. J. and Fischer, S. and Gao, J. and Guo, H. and Ha, S. and Joseph-McCarthy, D. and Kuchnir, L. and Kuczera, K. and Lau, F. T. K. and Mattos, C. and Michnick, S. and Ngo, T. and Nguyen, D. T. and Prodhom, B. and Reiher, W. E. and Roux, B. and Schlenkrich, M. and Smith, J. C. and Stote, R. and Straub, J. and Watanabe, M. and Wiorkiewicz-Kuczera, J. and Yin, D. and Karplus, M.},
 journal = {J. Phys. Chem},
 pages = {3586--3616},
 title = {{A}ll-{A}tom {E}mpirical {P}otential for {M}olecular {M}odeling and {D}ynamics {S}tudies of {P}roteins},
 volume = {102},
 year = {1998}
}

@article{Mackerell2004,
 author = {Mackerell, Jr. and Alexander, D.},
 journal = {J. Comp. Chem.},
 pages = {1584--1604},
 title = {{E}mpirical {F}orce {F}ields for {B}iological {M}acromolecules: {O}verview and {I}ssues},
 volume = {25},
 year = {2004}
}

@article{Malde2011,
 author = {Malde, Alpeshkumar K. and Zuo, Le and Breeze, Matthew and Stroet, Martin and Poger, David and Nair, Pramod C. and Oostenbrink, Chris and Mark, Alan E.},
 journal = {J. Chem. Theory Comput.},
 pages = {4026--4037},
 title = {{A}n {A}utomated {F}orce {F}ield {T}opology {B}uilder ({A}TB) and {R}epository: {V}ersion 1.0},
 volume = {7},
 year = {2011}
}

@article{Mallinson2012,
 author = { Mallinson, J. and Collins, I.},
 journal = {Future Med. Chem.},
 pages = {1409},
 title = {{M}acrocycles in {N}ew {D}rug {D}iscovery},
 volume = {4},
 year = {2012}
}

@article{Margenau1939,
 author = {Margenau, H.},
 journal = {Rev. Mod. Phys.},
 pages = {1--35},
 title = {{V}an der {W}aals {F}orces},
 volume = {11},
 year = {1939}
}

@article{Mark2011,
 author = {Malde, Alpeshkumar K. and Zuo, Le and Breeze, Matthew and Stroet, Martin and Poger, David and Nair, Pramod C. and Oostenbrink, Chris and Mark, Alan E.},
 journal = {J. Chem. Theory Comput.},
 pages = {4026--4037},
 title = {{A}n {A}utomated {F}orce {F}ield {T}opology {B}uilder ({A}TB) and {R}epository: {V}ersion 1.0},
 volume = {7},
 year = {2011}
}

@article{Markwick2008,
 author = {Markwick, Phineus R. L. AND Malliavin, Th{\'e}r{\`e}se AND Nilges, Michael},
 journal = {PLoS Comput. Biol.},
 pages = {1--7},
 title = {{S}tructural {B}iology by {N}MR: {S}tructure, {D}ynamics, and {I}nteractions},
 volume = {4},
 year = {2008}
}

@article{Marrink1996,
 author = {Marrink, Siewert J. and Berendsen, Herman J. C.},
 journal = {J. Phys. Chem.},
 pages = {16729--16738},
 title = {{P}ermeation {P}rocess of {S}mall {M}olecules across {L}ipid {M}embranes {S}tudied by {M}olecular {D}ynamics {S}imulations},
 volume = {100},
 year = {1996}
}

@article{Marsault2007,
 author = { Marsault, E. and Benakli, K. and Beaubien, S. and Saint-Louis, C. and D{\'e}ziel, R. and Fraser, G.},
 journal = {Bioorg. Med. Chem. Lett.},
 pages = {4187},
 title = {{P}otent {M}acrocyclic {A}ntagonists to the {M}otilin {R}eceptor {P}resenting {N}ovel {U}nnatural {A}mino {A}cids},
 volume = {17},
 year = {2007}
}

@article{Marsault2011,
 author = { Marsault, E. and Peterson, M. L.},
 journal = {J. Med. Chem.},
 pages = {1961},
 title = {{M}acrocycles {A}re {G}reat {C}ycles: {A}pplications, {O}pportunities, and {C}hallenges of {S}ynthetic {M}acrocycles in {D}rug {D}iscovery},
 volume = {54},
 year = {2011}
}

@book{Marsault2017,
 author = {Marsault, E. and  Peterson, M. L.},
 edition = {1},
 publisher = {John Wiley \& Sons, Inc. },
 title = {{P}ractical {M}edicinal {C}hemistry with {M}acrocycles: {D}esign, {S}ynthesis, and {C}ase {S}tudies},
 year = {2017}
}

@article{Martyna1992,
 author = {Martyna,Glenn J.  and Klein,Michael L.  and Tuckerman,Mark },
 journal = {J. Chem. Phys.},
 pages = {2635--2643},
 title = {{N}os{\'e}-{H}oover {C}hains: {T}he {C}anonical {E}nsemble via {C}ontinuous {D}ynamics},
 volume = {97},
 year = {1992}
}

@article{Maxwell1860,
 author = {Maxwell, J. C.},
 journal = {The London, Edinburgh, and Dublin Philosophical
Magazine and Journal of Science},
 pages = {19--32},
 title = {{I}llustrations of the dynamical theory of gases. - {P}art {I}. {O}n the motions
and collisions of perfectly elastic spheres},
 volume = {19},
 year = {1860}
}

@article{Mccammon1977,
 author = {McCammon, J. Andrew
and Gelin, Bruce R.
and Karplus, Martin},
 journal = {Nature},
 pages = {585--590},
 title = {{D}ynamics of folded proteins},
 volume = {267},
 year = {1977}
}

@article{Mcgibbon2015,
 author = { McGibbon, R. T. and Beauchamp, K. A. and Harrigan, M. P. and Klein, C. and Swails, J. M. and Hern{\'a}ndez, C. X. and Schwantes, C. R. and Wang, L. P. and Lane, T. J. and Pande, V. S.},
 journal = {Biophys. J.},
 pages = {1528},
 title = {M{D}Traj: {A} Modern {O}pen {L}ibrary for the {A}nalysis of {M}olecular {D}ynamics {T}rajectories},
 volume = {109},
 year = {2015}
}

@article{Mckinney2010,
 author = {McKinney, Wes},
 journal = {Proc. of the 9th Python in Science Conf. },
 pages = {51--56},
 title = {{D}ata {S}tructures for {S}tatistical {C}omputing in {P}ython},
 volume = {445},
 year = {2010}
}

@article{Mcneely2014,
 author = {McNeely, S. and Beckmann, R. and Bence Lin, A. K.},
 journal = {Pharmaco. Therap.},
 pages = {1--10},
 title = {C{H}EK {A}gain: {R}evisiting the {D}evelopment of {C}HK1 {I}nhibitors for {C}ancer {T}herapy},
 volume = {142},
 year = {2014}
}

@article{Meel2008,
 author = { J.A.   van Meel  and  A.   Arnold  and  D.   Frenkel  and  S.F.   Portegies Zwart  and    and  R.G.   Belleman },
 journal = {Mol. Simul.},
 pages = {259--266},
 title = {{H}arvesting graphics power for {M}D simulations},
 volume = {34},
 year = {2008}
}

@inbook{Meier2021,
 author = {Meier, Katharina and Bluck, Joseph P. and Christ, Clara D.},
 booktitle = {Free Energy Methods in Drug Discovery: Current State and Future Directions},
 chapter = {2},
 doi = {10.1021/bk-2021-1397.ch002},
 pages = {39-66},
 publisher = {ACS Publications},
 title = {{U}se of {F}ree {E}nergy {M}ethods in the {D}rug {D}iscovery {I}ndustry},
 year = {2021}
}

@article{Merz1991,
 author = {Merz, Kenneth M.},
 journal = {J. Am. Chem. Soc.},
 pages = {406--411},
 title = {{C}arbon {D}ioxide {B}inding to {H}uman {C}arbonic {A}nhydrase {I}I},
 volume = {113},
 year = {1991}
}

@article{Merz2014,
 author = {Merz, Kenneth M.},
 journal = {J. Chem. Inf. Model.},
 pages = {3045},
 title = {{N}ew {M}anuscript {T}ype: {A}pplication {N}ote},
 volume = {54},
 year = {2014}
}

@article{Metropolis1953,
 author = {Metropolis,Nicholas  and Rosenbluth,Arianna W.  and Rosenbluth,Marshall N.  and Teller,Augusta H.  and Teller,Edward },
 journal = {J. Chem. Phys.},
 pages = {1087--1092},
 title = {{E}quation of {S}tate {C}alculations by {F}ast {C}omputing {M}achines},
 volume = {21},
 year = {1953}
}

@article{Meurer2017,
 author = {Meurer, Aaron and Smith, Christopher P and Paprocki, Mateusz and {\v C}ert{\i}́k, Ond\textdollar    \textbackslash    backslash\textdollar    vrej and Kirpichev, Sergey B and Rocklin, Matthew and Kumar, AMiT and Ivanov, Sergiu and Moore, Jason K and Singh, Sartaj and Rathnayake, Thilina and Vig, Sean and Granger, Brian E and Muller, Richard P and Bonazzi, Francesco and Gupta, Harsh and Vats, Shivam and Johansson, Fredrik and Pedregosa, Fabian and Curry, Matthew J and Terrel, Andy R and Rou{\v c}ka, {\v S}t{\v e}p{\'a}n and Saboo, Ashutosh and Fernando, Isuru and Kulal, Sumith and Cimrman, Robert and Scopatz, Anthony},
 journal = {PeerJ Comput. Sci.},
 pages = {103},
 title = {{S}ym{P}y: {S}ymbolic {C}omputing in {P}ython},
 volume = {3},
 year = {2017}
}

@article{Michel2010,
 author = {Michel, Julien
and Essex, Jonathan W.},
 journal = {J. Comput. Aided Mol. Des.},
 pages = {639--658},
 title = {Prediction of Protein--Ligand Binding Affinity by Free Energy Simulations: Assumptions, Pitfalls and Expectations},
 volume = {24},
 year = {2010}
}

@article{Millman2011,
 author = {Millman, K. Jarrod and Aivazis, Michael},
 journal = {Computing in Science   Engineering},
 pages = {9--12},
 title = {{P}ython for {S}cientists and {E}ngineers},
 volume = {13},
 year = {2011}
}

@article{Miyamoto1992,
 author = {Miyamoto, Shuichi and Kollman, Peter A.},
 journal = {J. Comput. Chem.},
 pages = {952--962},
 title = {{S}ettle: {A}n {A}nalytical {V}ersion of the {S}HA{K}E and {R}AT{T}LE {A}lgorithm for {R}igid {W}ater {M}odels},
 volume = {13},
 year = {1992}
}

@article{Mobley2006,
 author = {Mobley, David L.  and Chodera, John D.  and Dill, Ken A. },
 journal = {J. Chem. Phys.},
 pages = {084902},
 title = {On the Use of Orientational Restraints and Symmetry Corrections in Alchemical Free Energy Calculations},
 volume = {125},
 year = {2006}
}

@article{Mobley2014,
 author = {Mobley, David L.
and Guthrie, J. Peter},
 journal = {J. Comput. Aided Mol. Des.},
 pages = {711--720},
 title = {FreeSolv: A Database of Experimental and Calculated Hydration Free Energies, with Input Files},
 volume = {28},
 year = {2014}
}

@article{Modell2016,
 author = { Modell, A. E. and Blosser, S. L. and Arora, P. S.},
 journal = {Trends Pharmacol. Sci.},
 pages = {702},
 title = {{S}ystematic {T}argeting of {P}rotein-{P}rotein {I}nteractions {A}pproaches to {T}argeting {P}rotein-{P}rotein {I}nteractions},
 volume = {37},
 year = {2016}
}

@article{Molgedey1994,
 author = { Molgedey, L. and Schuster, H. G.},
 journal = {Phys. Rev. Lett.},
 pages = {3634},
 title = {{S}eparation of a {M}ixture of {I}ndependent {S}ignals {U}sing {T}ime {D}elayed {C}orrelations},
 volume = {72},
 year = {1994}
}

@article{Morse1929,
 author = {Morse, Philip M.},
 journal = {Phys. Rev.},
 pages = {57--64},
 title = {{D}iatomic {M}olecules {A}ccording to the {W}ave {M}echanics. {I}I. {V}ibrational {L}evels},
 volume = {34},
 year = {1929}
}

@misc{Naden2018,
 author = {Naden, Levi N. and Smith, Daniel G. A.},
 publisher = {Molecular Sciences Software Institute (MolSSI)},
 title = {{C}ookiecutter for {C}omputational {M}olecular {S}ciences ({C}MS) {P}ython {P}ackages},
 year = {2018}
}

@article{Nadler2008,
 author = {Nadler, W. and Meinke, J. H. and Hansmann, U. H. },
 journal = {Exchange. Phys. Rev.},
 pages = {061905},
 title = { {F}olding {P}roteins by {F}irst-{P}assage-{T}imes-{O}ptimized {R}eplica},
 volume = {8},
 year = {2008}
}

@article{Naray2003,
 author = {G{\'a}bor N{\'r}ay-Szab{\'a}nd Imre Berente},
 journal = {J. Mol. Struct},
 pages = {637--644},
 title = {{C}omputer {M}odelling of {E}nzyme {R}eactions},
 volume = {666--667},
 year = {2003}
}

@misc{Natureconduct2021,
 author = {NeurIPS},
 howpublished = {https://nips.cc/Conferences/2020/PaperInformation/CodeSubmissionPolicy},
 note = {Accessed: 2021-12-07},
 title = {{C}ode {S}ubmission {P}olicy}
}

@article{Naylor2017,
 author = { Naylor, M. R. and Bockus, A. T. and Blanco, M. J. and Lokey, R. S.},
 journal = {Curr. Opin. Chem. Biol.},
 pages = {141},
 title = {{C}yclic {P}eptide {N}atural {P}roducts {C}hart the {F}rontier of {O}ral {B}ioavailability in the {P}ursuit of {U}ndruggable {T}argets},
 volume = {38},
 year = {2017}
}

@article{Neria1996,
 author = {Neria,Eyal  and Fischer,Stefan  and Karplus,Martin },
 journal = {J. Chem. Phys.},
 pages = {1902--1921},
 title = {{S}imulation of {A}ctivation {F}ree {E}nergies in {M}olecular {S}ystems},
 volume = {105},
 year = {1996}
}

@article{Neumann1928,
 author = {von Neumann, John},
 journal = {Math. Ann.},
 pages = {295--320},
 title = {Zur Theorie der Gesellschaftsspiele},
 volume = {100},
 year = {1928}
}

@book{Newton1726,
 author = { Newton, Isaac },
 publisher = { Innys },
 title = {{P}hilosophi{\ae} naturalis principia mathematica },
 year = { 1726 }
}

@article{Nicholls2008,
 author = {Nicholls, Anthony and Mobley, David L and Guthrie, J Peter and Chodera, John D and Bayly, Christopher I and Cooper, Matthew D and Pande, Vijay S},
 journal = {J. Med. Chem.},
 pages = {769--779},
 title = {Predicting Small-Molecule Solvation Free Energies: An Informal Blind Test for Computational Chemistry},
 volume = {51},
 year = {2008}
}

@article{Nielsen2014,
 author = { Nielsen, D. S. and Hoang, H. N. and Lohman, R. J. and Hill, T. A. and Lucke, A. J. and Craik, D. J. and Edmonds, D. J. and Griffith, D. A. and Rotter, C. J. and Ruggeri, R. B. and Price, D. A. and Liras, S. and Fairlie, D. P.},
 journal = {Angew. Chem., Int. Ed.},
 pages = {12059},
 title = {{I}mproving on {N}ature: {M}aking a {C}yclic {H}eptapeptide {O}rally {B}ioavailable},
 volume = {53},
 year = {2014}
}

@article{Nose1983,
 author = { Nos{\'e}, Shuichi  and Klein, M.L. },
 journal = {Mol. Phys.},
 pages = {1055--1076},
 title = {{C}onstant {P}ressure {M}olecular {D}ynamics for {M}olecular {S}ystems},
 volume = {50},
 year = {1983}
}

@article{Nose1984,
 author = { Nos{\'e}, Sh{\= u}ichi },
 journal = {Mol. Phys.},
 pages = {255--268},
 title = {{A} Molecular {D}ynamics {M}ethod for {S}imulations in the {C}anonical {E}nsemble},
 volume = {52},
 year = {1984}
}

@article{Nose1984A,
 author = {Nos{\'e}, Shuichi },
 journal = {J. Chem. Phys.},
 pages = {511--519},
 title = {{A} Unified {F}ormulation of the {C}onstant {T}emperature {M}olecular {D}ynamics {M}ethods},
 volume = {81},
 year = {1984}
}

@article{O'Boyle2008,
 author = {O\textquotesingle Boyle, Noel M.
and Morley, Chris
and Hutchison, Geoffrey R.},
 journal = {Chemistry Central Journal},
 pages = {5},
 title = {{P}ybel: a {P}ython wrapper for the {O}pen{B}abel cheminformatics toolkit},
 volume = {2},
 year = {2008}
}

@article{Oliphant2007,
 author = {Oliphant, Travis E.},
 journal = {Computing in Science   Engineering},
 pages = {10--20},
 title = {{P}ython for {S}cientific {C}omputing},
 volume = {9},
 year = {2007}
}

@article{Oostenbrink2004,
 author = {Oostenbrink, Chris and Villa, Alessandra and Mark, Alan E. and Van Gunsteren, Wilfred F.},
 journal = {J. Comp. Chem.},
 pages = {1656--1676},
 title = {{A} biomolecular force field based on the free enthalpy of hydration and solvation: {T}he {G}RO{M}OS force-field parameter sets 53{A}5 and 53{A}6},
 volume = {25},
 year = {2004}
}

@article{Over2016,
 author = { Over, B. and Matsson, P. and Tyrchan, C. and Artursson, P. and Doak, B. C. and Foley, M. A. and Hilgendorf, C. and Johnston, S. E. and Lee, M. D. and Lewis, R. J. and McCarren, P. and Muncipinto, G. and Norinder, U. and Perry, M. W. D. and Duvall, J. R. and Kihlberg, J.},
 journal = {Nat. Chem. Biol.},
 pages = {1065},
 title = {{S}tructural and {C}onformational {D}eterminants of {M}acrocycle {C}ell {P}ermeability},
 volume = {},
 year = {2016}
}

@inproceedings{Pall2015,
 author = {P{\'a}ll, Szil{\'a}rd
and Abraham, Mark James
and Kutzner, Carsten
and Hess, Berk
and Lindahl, Erik},
 booktitle = {Solving Software Challenges for Exascale},
 editor = {Markidis, Stefano
and Laure, Erwin},
 isbn = {978-3-319-15976-8},
 pages = {3--27},
 publisher = {Springer International Publishing},
 title = {{T}ackling {E}xascale {S}oftware {C}hallenges in {M}olecular {D}ynamics {S}imulations with {G}RO{M}AC{S}},
 year = {2015}
}

@article{Parrinello1981,
 author = {Parrinello,M.  and Rahman,A. },
 journal = {Int. J. Appl. Phys.},
 pages = {7182--7190},
 title = {{P}olymorphic {T}ransitions in {S}ingle {C}rystals: {A} New {M}olecular {D}ynamics {M}ethod},
 volume = {52},
 year = {1981}
}

@article{Pauling1931,
 author = {Pauling, Linus},
 journal = {J.  Am. Chem.  Soc. },
 pages = {1367--1400},
 title = {{T}he {N}ature of the {C}hemical {B}ond. {A}pplication of {R}esults {O}btained from the {Q}uantum {M}echanics and from a {T}heory of {P}aramagnetic {S}usceptibility to the {S}tructure of {M}olecules},
 volume = {53},
 year = {1931}
}

@article{Pauling1934,
 author = {Pauling, Linus and Huggins, M. L.},
 journal = {Z. Kristallogr. Cryst. Mater.},
 pages = {205--238},
 title = {{C}ovalent {R}adii of {A}toms and {I}nteratomic {D}istances in {C}rystals containing {E}lectron-{P}air {B}onds},
 volume = {87},
 year = {1934}
}

@article{Pauling1951,
 author = {Pauling, L.
and Corey, R. B.},
 journal = {Proceedings of the National Academy of Sciences of the United States of America},
 pages = {235--240},
 title = {{A}tomic {C}oordinates and {S}tructure {F}actors for {T}wo {H}elical {C}onfigurations of {P}olypeptide {C}hains},
 volume = {37},
 year = {1951}
}

@article{Paulsen2020,
 author = {Paulsen, Janet L. and Yu, Haoyu S. and Sindhikara, Dan and Wang, Lingle and Appleby, Todd and Villasenor, Armando G. and Schmitz, Uli and Shivakumar, Devleena},
 journal = {J. Chem. Inf. Model.},
 pages = {3489--3498},
 title = {Evaluation of Free Energy Calculations for the Prioritization of Macrocycle Synthesis},
 volume = {60},
 year = {2020}
}

@article{Pearlman1991,
 author = {Pearlman, David A.  and Kollman, Peter A. },
 journal = {J. Chem. Phys.},
 pages = {4532--4545},
 title = {The Overlooked Bond‐Stretching Contribution in Free Energy Perturbation Calculations},
 volume = {94},
 year = {1991}
}

@article{Pearlman1994,
 author = {Pearlman, David A.},
 journal = {J. Phys. Chem.},
 pages = {1487--1493},
 title = {A Comparison of Alternative Approaches to Free Energy Calculations},
 volume = {98},
 year = {1994}
}

@article{Pearlman1995,
 author = {Pearlman, David A and Case, David A and Caldwell, James W and Ross, Wilson S and Cheatham III, Thomas E and DeBolt, Steve and Ferguson, David and Seibel, George and Kollman, Peter},
 journal = {Comput. Phys. Commun.},
 pages = {1--41},
 title = {A{M}BE{R}, a {P}ackage of {C}omputer {P}rograms for {A}pplying {M}olecular {M}echanics, {N}ormal {M}ode {A}nalysis, {M}olecular {D}ynamics and {F}ree {E}nergy {C}alculations {T}o {S}imulate the {S}tructural and {E}nergetic {P}roperties of {M}olecules},
 volume = {91},
 year = {1995}
}

@article{Pedregosa2011,
 author = {Pedregosa, F. and Varoquaux, G. and Gramfort, A. and Michel, V.
and Thirion, B. and Grisel, O. and Blondel, M. and Prettenhofer, P.
and Weiss, R. and Dubourg, V. and Vanderplas, J. and Passos, A. and
Cournapeau, D. and Brucher, M. and Perrot, M. and Duchesnay, E.},
 journal = {Journal of Machine Learning Research},
 pages = {2825--2830},
 title = {{S}cikit-learn: {M}achine {L}earning in {P}ython},
 volume = {12},
 year = {2011}
}

@article{Peng2011,
 author = {Peng, Roger D.},
 journal = {Science},
 pages = {1226--1228},
 title = {{R}eproducible {R}esearch in {C}omputational {S}cience},
 volume = {334},
 year = {2011}
}

@article{Peraro2018,
 author = { Peraro, L. and Kritzer, J. A.},
 journal = {Angew. Chem., Int. Ed.},
 pages = {11868},
 title = {{E}merging {M}ethods and {D}esign {P}rinciples for {C}ell-{P}enetrant {P}eptides},
 volume = {57},
 year = {2018}
}

@article{Perthold2018,
 author = {Perthold, Jan Walther and Oostenbrink, Chris},
 journal = {J. Phys. Chem. B},
 pages = {5030--5037},
 title = {{A}ccelerated {E}nveloping {D}istribution {S}ampling: {E}nabling {S}ampling of {M}ultiple {E}nd {S}tates {W}hile {P}reserving {L}ocal {E}nergy {M}inima},
 volume = {122},
 year = {2018}
}

@article{Perthold2020,
 author = {Perthold, Jan Walther and Petrov, Drazen and Oostenbrink, Chris},
 journal = {J. Chem. Inf. Model.},
 pages = {5395--5406},
 title = {{T}oward {A}utomated {F}ree {E}nergy {C}alculation with {A}ccelerated {E}nveloping {D}istribution {S}ampling ({A}-E{D}S)},
 volume = {60},
 year = {2020}
}

@article{Petrov2021,
 author = {Petrov, Drazen},
 journal = {J. Chem. Inf. Model.},
 pages = {4382--4390},
 title = {Perturbation Free-Energy Toolkit: An Automated Alchemical Topology Builder},
 volume = {61},
 year = {2021}
}

@inproceedings{Pezoa2016,
 author = {Pezoa, Felipe and Reutter, Juan L and Suarez, Fernando and Ugarte, Mart{\i}́n and Vrgo{\v c}, Domagoj},
 booktitle = {Proceedings of the 25th International Conference on World Wide Web},
 organization = {International World Wide Web Conferences Steering Committee},
 pages = {263--273},
 title = {{F}oundations of {J}SO{N} Schema},
 year = {2016}
}

@misc{Phillips1981,
 author = {Phillips, D},
 publisher = {Adenine Press: Guilderland, NY},
 title = {{B}iomolecular {S}tereodynamics},
 year = {1981}
}

@article{Pohorille2010,
 author = {Pohorille, Andrew and Jarzynski, Christopher and Chipot, Christophe},
 journal = {J. Phys. Chem. B},
 pages = {10235--10253},
 title = {{G}ood {P}ractices in {F}ree-{E}nergy {C}alculations},
 volume = {114},
 year = {2010}
}

@article{Poongavanam2018,
 author = { Poongavanam, V. and Danelius, E. and Peintner, S. and Alcaraz, L. and Caron, G. and Cummings, M. D. and Wlodek, S. and Erdelyi, M. and Hawkins, P. C. D. and Ermondi, G. and Kihlberg, J.},
 journal = {ACS Omega},
 pages = {11742},
 title = {{C}onformational {S}ampling of {M}acrocyclic {D}rugs in {D}ifferent {E}nvironments: {C}an {W}e {F}ind the {R}elevant {C}onformations?},
 volume = {3},
 year = {2018}
}

@article{Prim1957,
 author = {Prim, R. C.},
 journal = {Bell Syst. Tech. J.},
 pages = {1389--1401},
 title = {Shortest Connection Networks and some Generalizations},
 volume = {36},
 year = {1957}
}

@article{Pronk2013,
 author = {Pronk, Sander and P{\'a}ll, Szil{\'a}rd and Schulz, Roland and Larsson, Per and Bjelkmar, P{\"a}r and Apostolov, Rossen and Shirts, Michael R. and Smith, Jeremy C. and Kasson, Peter M. and van der Spoel, David and Hess, Berk and Lindahl, Erik},
 journal = {J. Bioinform.},
 pages = {845--854},
 title = {G{R}OM{A}CS 4.5: a {H}igh-{T}hroughput and {H}ighly {P}arallel {O}pen {S}ource {M}olecular {S}imulation {T}oolkit},
 volume = {29},
 year = {2013}
}

@misc{Pypi2021,
 publisher = {Python Software Foundation},
 title = {{P}ython {P}ackage {I}ndex - {P}yP{I}},
 url = {https://pypi.org/},
 urldate = {2021-03-28}
}

@article{Qiu2021,
 author = {Qiu, Yudong and Smith, Daniel G. A. and Boothroyd, Simon and Jang, Hyesu and Hahn, David F. and Wagner, Jeffrey and Bannan, Caitlin C. and Gokey, Trevor and Lim, Victoria T. and Stern, Chaya D. and Rizzi, Andrea and Tjanaka, Bryon and Tresadern, Gary and Lucas, Xavier and Shirts, Michael R. and Gilson, Michael K. and Chodera, John D. and Bayly, Christopher I. and Mobley, David L. and Wang, Lee-Ping},
 journal = {J. Chem. Theory Comput.},
 pages = {6262--6280},
 title = {{D}evelopment and {B}enchmarking of {O}pen {F}orce {F}ield v1.0.0 -- the {P}arsley {S}mall-{M}olecule {F}orce {F}ield},
 volume = {17},
 year = {2021}
}

@article{Rego2014,
 author = {Rego, Nicholas and Koes, David},
 journal = {Bioinformatics},
 pages = {1322--1324},
 title = {3{D}mol.js: molecular visualization with {W}eb{G}L},
 volume = {31},
 year = {2014}
}

@article{Reinhardt2020,
 author = {Reinhardt, Martin and Grubm{\"u}ller, Helmut},
 journal = {J. Chem. Theory Comput.},
 pages = {3504--3512},
 title = {{D}etermining {F}ree-{E}nergy {D}ifferences through {V}ariationally {D}erived {I}ntermediates},
 volume = {16},
 year = {2020}
}

@article{Rezai2006,
 author = { Rezai, T. and Yu, B. and Millhauser, G. L. and Jacobson, M. P. and Lokey, R. S.},
 journal = {J. Am. Chem. Soc.},
 pages = {2510},
 title = {{T}esting the {C}onformational {H}ypothesis of {P}assive {M}embrane {P}ermeability {U}sing {S}ynthetic {C}yclic {P}eptide {D}iastereomers},
 volume = {128},
 year = {2006}
}

@misc{Ries2021,
 author = {Benjamin Ries and Marc Thierry Lehner},
 doi = {10.5281/zenodo.4621710},
 month = {Mar},
 publisher = {Zenodo},
 title = {rinikerlab/{P}yGromos{T}ools: {P}yGromos{T}ools\_{V}1},
 year = {2021}
}

@article{Ries2021A,
 author = {Ries, Benjamin and Linker, Stephanie M. and Hahn, David F. and K{\"o}nig, Gerhard and Riniker, Sereina},
 journal = {J. Chem. Inf. Model.},
 pages = {560--564},
 title = {{E}nsembler: {A} Simple {P}ackage for {F}ast {P}rototyping and {T}eaching {M}olecular {S}imulations},
 volume = {61},
 year = {2021}
}

@article{Ries2021B,
 author = {Ries, Benjamin and Normak, Karl and Weiss, Richard G. and Rieder, Salom{\'e} and Barros, Emilia P. and Champion, Candide and K{\"o}nig, Gerhard and Riniker, Sereina},
 journal = {J. Comput.-Aided Mol. Des.},
 pages = {in press},
 title = {{R}elative {F}ree-{E}nergy {C}alculations for {S}caffold {H}opping-{T}ype {T}ransformations with an {A}utomated {R}E-{E}DS {S}ampling {P}rocedure},
 volume = {-},
 year = {2021}
}

@article{Riniker2011,
 author = {Riniker, Sereina and Christ, Clara D. and Hansen, Niels and Mark, Alan E. and Nair, Pramod C. and {Van Gunsteren}, Wilfred F.},
 journal = {J. Chem. Phys.},
 pages = {24105},
 title = {Comparison of Enveloping Distribution Sampling and Thermodynamic Integration to Calculate Binding Free Energies of Phenylethanolamine N-Methyltransferase Inhibitors},
 volume = {135},
 year = {2011}
}

@article{Riniker2012,
 author = {Riniker, Sereina and Allison, Jane R and van Gunsteren, Wilfred F},
 journal = {Phys. Chem. Chem. Phys.},
 pages = {12423--12430},
 title = {{O}n developing coarse-grained models for biomolecular simulation: a review},
 volume = {14},
 year = {2012}
}

@article{Riniker2019,
 author = { Riniker, S.},
 journal = {Future Med. Chem.},
 pages = {637},
 title = {{T}oward the {E}lucidation of the {M}echanism for {P}assive {M}embrane {P}ermeability of {C}yclic {P}eptides},
 volume = {11},
 year = {2019}
}

@article{Rivera2019,
 author = {Rivera, Miguel and Dommett, Michael and Crespo-Otero, Rachel},
 journal = {J. Chem. Theo. Comp},
 pages = {2504--2516},
 title = {O{N}IO{M}(Q{M}:Q{M}{'}) {E}lectrostatic {E}mbedding {S}chemes for {P}hotochemistry in {M}olecular {C}rystals},
 volume = {15},
 year = {2019}
}

@article{Rizzo2006,
 author = {Rizzo, Robert C and Aynechi, Tiba and Case, David A and Kuntz, Irwin D},
 journal = {J. Chem. Theory Comput.},
 pages = {128--139},
 title = {Estimation of Absolute Free Energies of Hydration using Continuum Methods: Accuracy of Partial Charge Models and Optimization of Nonpolar Contributions},
 volume = {2},
 year = {2006}
}

@article{Rocklin2013,
 author = {Rocklin, Gabriel J.  and Mobley, David L.  and Dill, Ken A. },
 journal = {J. Chem. Phys.},
 pages = {085104},
 title = {Separated Topologies – A Method for Relative Binding Free Energy Calculations Using Orientational Restraints},
 volume = {138},
 year = {2013}
}

@article{Roux2020,
 author = { Le Roux, A. and Blaise, E. and Boudreault, P.-L. and Comeau, C. and Doucet, A. and Giarrusso, M. and Collin, M.-P. and Neubauer, T. and Koelling, F. and G{\"o}ller, A. H. and Seep, L. and Tshitenge, D. T. and Wittwer, M. and Kullmann, M. and Hillisch, A. and Mittendorf, J. and Marsault, {\'E}.},
 journal = {J. Med. Chem.},
 pages = {6774},
 title = {{S}tructure-{P}ermeability {R}elationship of {S}emi-{P}eptidic {M}acrocycles \textendash  {U}nderstanding and {O}ptimizing {P}assive {P}ermeability and {E}fflux {R}atio},
 volume = {},
 year = {2020}
}

@article{Ruder2016,
 author = {S. Ruder},
 journal = {arXiv preprint},
 pages = {arXiv:1609.04747},
 title = {{A}n {O}verview of {G}radient {D}escent {O}ptimization {A}lgorithms},
 volume = {abs/1609.04747},
 year = {2016}
}

@book{Rumbaugh2004,
 author = {Rumbaugh, James and Jacobson, Ivar and Booch, Grady},
 publisher = {Pearson Higher Education},
 title = {{U}nified {M}odeling {L}anguage {R}eference {M}anual, {T}he (2nd {E}dition)},
 year = {2004}
}

@article{Ryckaert1977,
 author = { Ryckaert, J. P. and Ciccotti, G. and Berendsen, H. J. C.},
 journal = {J. Comput. Phys.},
 pages = {327},
 title = {{N}umerical {I}ntegration of the {C}artesian {E}quations of {M}otion of a {S}ystem with {C}onstraints: {M}olecular {D}ynamics of n-{A}lkanes},
 volume = {23},
 year = {1977}
}

@article{Ryde2003,
 author = {Ulf Ryde},
 journal = {Curr. Opin. Struct. Biol.},
 pages = {136--142},
 title = {{C}ombined {Q}uantum and {M}olecular {M}echanics {C}alculations on {M}etalloproteins},
 volume = {7},
 year = {2003}
}

@article{Räder2018,
 author = { R{\"a}der, A. F. B. and Reichart, F. and Weinm{\"u}ller, M. and Kessler, H.},
 journal = {Bioorg. Med. Chem.},
 pages = {2766},
 title = {{I}mproving {O}ral {B}ioavailability of {C}yclic {P}eptides by {N}-Methylation},
 volume = {26},
 year = {2018}
}

@article{Röst2014,
 author = {R{\"o}st, Hannes L. and Schmitt, Uwe and Aebersold, Ruedi and Malmstr{\"o}m, Lars},
 journal = {PROTEOMICS},
 pages = {74--77},
 title = {py{O}pen{M}S: {A} Python-based interface to the {O}pen{M}S mass-spectrometry algorithm library},
 volume = {14},
 year = {2014}
}

@article{Schenkmayerova2021,
 author = {Schenkmayerova, Andrea
and Pinto, Gaspar P.
and Toul, Martin
and Marek, Martin
and Hernychova, Lenka
and Planas-Iglesias, Joan
and Daniel Liskova, Veronika
and Pluskal, Daniel
and Vasina, Michal
and Emond, Stephane
and D{\"o}rr, Mark
and Chaloupkova, Radka
and Bednar, David
and Prokop, Zbynek
and Hollfelder, Florian
and Bornscheuer, Uwe T.
and Damborsky, Jiri},
 journal = {Nature Commun.},
 pages = {3616},
 title = {{E}ngineering the {P}rotein {D}ynamics of an {A}ncestral {L}uciferase},
 volume = {12},
 year = {2021}
}

@article{Scherer2015,
 author = { Scherer, M. K. and Trendelkamp-Schroer, B. and Paul, F. and P{\'e}rez-Hern{\'a}ndez, G. and Hoffmann, M. and Plattner, N. and Wehmeyer, C. and Prinz, J.-H. and No{\'e}, F.},
 journal = {J. Chem. Theory Comput.},
 pages = {5525},
 title = {{P}yE{M}MA 2: {A} Software {P}ackage for {E}stimation, {V}alidation, and {A}nalysis of {M}arkov {M}odels},
 volume = {11},
 year = {2015}
}

@article{Schindler2020,
 author = {C. E. M. Schindler and H. Baumann and A. Blum and D. B{\"o}se and H.-P. Buchstaller and L. Burgdorf and D. Cappel and E. Chekler and P. Czodrowski and D. Dorsch and M. K. I. Eguida and B. Follows and T. Fuchs and U. Gr\textbackslash  dl\"er and J. Gunera and T. Johnson and C. Jorand Lebrun and S. Karra and M. Klein and T. Knehans and L. Koetzner and M. Krier and M. Leiendecker and B. Leuthner and L. Li and I. Mochalkin and D. Musil and C. Neagu and F. Rippmann and K. Schiemann and R. Schulz and T. Steinbrecher and E.-M. Tanzer and A. Unzue Lopez and A. Viacava Follis and A. Wegener and D. Kuhn},
 journal = {J. Chem. Inf. Model.},
 pages = {5457--5474},
 title = {{L}arge-{S}cale {A}ssessment of {B}inding {F}ree {E}nergy {C}alculations in {A}ctive {D}rug {D}iscovery {P}rojects},
 volume = {60},
 year = {2020}
}

@article{Schmid2011,
 author = {Schmid, Nathan
and Eichenberger, Andreas P.
and Choutko, Alexandra
and Riniker, Sereina
and Winger, Moritz
and Mark, Alan E.
and van Gunsteren, Wilfred F.},
 journal = {Eur. Biophys. J.},
 pages = {843},
 title = {{D}efinition and {T}esting of the {G}RO{M}OS {F}orce-{F}ield {V}ersions 54{A}7 and 54{B}7},
 volume = {40},
 year = {2011}
}

@article{Schmid2012,
 author = {N. Schmid and C. D. Christ and M. Christen and A. P. Eichenberger and W. F. van Gunsteren},
 journal = {Comp. Phys. Comm.},
 pages = {890--903},
 title = {{A}rchitecture, {I}mplementation and {P}arallelization of the {G}RO{M}OS {S}oftware for {B}iomolecular {S}imulation},
 volume = {183},
 year = {2012}
}

@article{Schuler2001,
 author = {Schuler, Lukas D. and Daura, Xavier and van Gunsteren, Wilfred F.},
 journal = {J. Comp. Chem},
 pages = {1205--1218},
 title = {{A}n {I}mproved {G}RO{M}OS96 {F}orce {F}ield for {A}liphatic {H}ydrocarbons in the {C}ondensed {P}hase},
 volume = {22},
 year = {2001}
}

@article{Schwochert2015,
 author = { Schwochert, J. and Turner, R. and Thang, M. and Berkeley, R. F. and Ponkey, A. R. and Rodriguez, K. M. and Leung, S. S. F. and Khunte, B. and Goetz, G. and Limberakis, C. and Kalgutkar, A. S. and Eng, H. and Shapiro, M. J. and Mathiowetz, A. M. and Price, D. A. and Liras, S. and Jacobson, M. P. and Lokey, R. S.},
 journal = {Org. Lett.},
 pages = {2928},
 title = {{P}eptide to {P}eptoid {S}ubstitutions {I}ncrease {C}ell {P}ermeability in {C}yclic {H}exapeptides},
 volume = {17},
 year = {2015}
}

@misc{Scienceconduct2021,
 author = {Science Journals},
 howpublished = {https://www.sciencemag.org/authors/science-journals-editorial-policies},
 note = {Accessed: 2021-12-07},
 title = {{E}ditorial {P}olicies}
}

@article{Scikit-Learn,
 author = {Pedregosa, F. and Varoquaux, G. and Gramfort, A. and Michel, V. and Thirion, B. and Grisel, O. and Blondel, M. and Prettenhofer, P. and Weiss, R. and Dubourg, V. and Vanderplas, J. and Passos, A. and Cournapeau, D. and Brucher, M. and Perrot, M. and Duchesnay, E.},
 journal = {J. Mach. Learn. Res.},
 pages = {2825--2830},
 title = {{S}cikit-learn: {M}achine {L}earning in {P}ython},
 volume = {12},
 year = {2011}
}

@article{Scott2016,
 author = { Scott, D. E. and Bayly, A. R. and Abell, C. and Skidmore, J.},
 journal = {Nat. Rev. Drug Discovery},
 pages = {533},
 title = {{S}mall {M}olecules, {B}ig {T}argets: {D}rug {D}iscovery {F}aces the {P}rotein-{P}rotein {I}nteraction {C}hallenge},
 volume = {15},
 year = {2016}
}

@article{Sebastiano2018,
 author = { Sebastiano, M. R. and Doak, B. C. and Backlund, M. and Poongavanam, V. and Over, B. and Ermondi, G. and Caron, G. and Kihlberg, J.},
 journal = {J. Med. Chem.},
 pages = {4189},
 title = {{I}mpact of {D}ynamically {E}xposed {P}olarity on {P}ermeability and {S}olubility of {C}hameleonic {D}rugs {B}eyond the {R}ule of 5},
 volume = {},
 year = {2018}
}

@article{Seeliger2010,
 author = {Seeliger, Daniel and {de Groot},  Bert L.},
 journal = {Biophys. J.},
 pages = {2309--2316},
 title = {Protein Thermostability Calculations Using Alchemical Free Energy Simulations},
 volume = {98},
 year = {2010}
}

@article{Senn2009,
 author = {Senn, Hans Martin and Thiel, Walter},
 journal = {Angew. Chem. Int. Ed.},
 pages = {1198--1229},
 title = {Q{M}/M{M} Methods for {B}iomolecular {S}ystems},
 volume = {48},
 year = {2009}
}

@article{Shapiro1965,
 author = { Shapiro, S. S. and Wilk, M. B.},
 journal = {Biometrika},
 pages = {591},
 title = {{B}iometrika {T}rust {A}n {A}nalysis of {V}ariance {T}est for {N}ormality ({C}omplete {S}amples) {P}ublished by: {O}xford {U}niversity {P}ress on {B}ehalf of {B}iometrika {T}rust {S}table},
 volume = {52},
 year = {1965}
}

@article{Shen2009,
 author = {Shen, Vincent K. and Cheung, Jason K. and Errington, Jeffrey R. and Truskett, Thomas M.},
 journal = {J. Biomech. Eng.},
 pages = {071002--1 -- 071002--6},
 title = {{I}nsights into {C}rowding {E}ffects on {P}rotein {S}tability from a {C}oarse-{G}rained {M}odel},
 volume = {131},
 year = {2009}
}

@article{Sheng2020,
 author = {Sheng, Xiang and Kazemi, Masoud and {\. Z}{\k a}d{\l}o-Dobrowolska, Anna and Kroutil, Wolfgang and Himo, Fahmi},
 journal = {ACS Catalysis},
 pages = {570--577},
 title = {{M}echanism of {B}iocatalytic {F}riedel-{C}rafts {A}cylation by {A}cyltransferase from {P}seudomonas protegens},
 volume = {10},
 year = {2020}
}

@article{Shi2014,
 author = {Yigong Shi},
 journal = {Cell},
 pages = {995--1014},
 title = {{A} Glimpse of {S}tructural {B}iology through {X}-Ray {C}rystallography},
 volume = {159},
 year = {2014}
}

@article{Shirts2005,
 author = {Shirts, Michael R. and Pande, Vijay S.},
 journal = {J. Chem. Phys.},
 pages = {144107},
 title = {{C}omparison of {E}fficiency and {B}ias of {F}ree {E}nergies {C}omputed by {E}xponential {A}veraging, the {B}ennett {A}cceptance {R}atio, and {T}hermodynamic {I}ntegration},
 volume = {122},
 year = {2005}
}

@article{Shirts2008,
  title={Statistically Optimal Analysis of Samples from Multiple Equilibrium States},
  author={Shirts, Michael R and Chodera, John D},
  journal={J. Chem. Phys.},
  volume={129},
  pages={124105},
  year={2008},
}

@article{Shirts2017,
 author = {Shirts, Michael R.
and Klein, Christoph
and Swails, Jason M.
and Yin, Jian
and Gilson, Michael K.
and Mobley, David L.
and Case, David A.
and Zhong, Ellen D.},
 journal = {Journal of Computer-Aided Molecular Design},
 pages = {147--161},
 title = {{L}essons learned from comparing molecular dynamics engines on the {S}AM{P}L5 dataset},
 volume = {31},
 year = {2017}
}

@misc{Shirts2020,
 author = {Shirts, Michael R. and Naden, Levi N. and Mobley, David L. and Chodera, John D.},
 title = {alchemistry},
 url = {http://www.alchemistry.org/},
 urldate = {08/31/2020},
 year = {2020}
}

@article{Shobana2000,
 author = {Shobana, S. and Roux, Beno\^it and Andersen, Olaf S.},
 journal = {J. Phys. Chem. B},
 pages = {5179--5190},
 title = {Free Energy Simulations: Thermodynamic Reversibility and Variability},
 volume = {104},
 year = {2000}
}

@article{Sidler2016,
 author = {Sidler, Dominik and Schwaninger, Arthur and Riniker, Sereina},
 journal = {J. Chem. Phys.},
 pages = {154114},
 title = {Replica Exchange Enveloping Distribution Sampling (RE-EDS): A Robust Method to Estimate Multiple Free-Energy Differences From a Single Simulation},
 volume = {145},
 year = {2016}
}

@article{Sidler2017,
 author = {Sidler, Dominik and Crist{\`{o}}fol-Clough, Michael and Riniker, Sereina},
 journal = {J. Chem. Theory Comput.},
 pages = {3020--3030},
 title = {Efficient Round-Trip Time Optimization for Replica-Exchange Enveloping Distribution Sampling (RE-EDS)},
 volume = {13},
 year = {2017}
}

@article{Simonson2002,
 author = {Simonson, Thomas and Archontis, Georgios and Karplus, Martin},
 journal = {Accounts of Chemical Research},
 pages = {430--437},
 title = {{F}ree {E}nergy {S}imulations {C}ome of {A}ge:\hspace{0.167em} {P}rotein−{L}igand {R}ecognition},
 volume = {35},
 year = {2002}
}

@article{Slater1931,
 author = {Slater, J. C.},
 journal = {Phys. Rev.},
 pages = {1109--1144},
 title = {{M}olecular {E}nergy {L}evels and {V}alence {B}onds},
 volume = {38},
 year = {1931}
}

@article{Somayajulu1958,
 author = {Somayajulu,G. R. },
 journal = {J. Chem. Phys.},
 pages = {822--824},
 title = {{O}n {C}ovalent {B}ond {L}ength and {B}ond {O}rder. {V}II{I}},
 volume = {28},
 year = {1958}
}

@article{Sprenger2015,
 author = {Sprenger, KG and Jaeger, Vance W and Pfaendtner, Jim},
 journal = {J. Phys. Chem.},
 pages = {5882--5895},
 title = {{T}he {G}eneral {A}MB{E}R {F}orce {F}ield ({G}AF{F}) can {A}ccurately {P}redict {T}hermodynamic and {T}ransport {P}roperties of {M}any {I}onic {L}iquids},
 volume = {119},
 year = {2015}
}

@article{Stodden2016,
 author = {Stodden, Victoria and McNutt, Marcia and Bailey, David H. and Deelman, Ewa and Gil, Yolanda and Hanson, Brooks and Heroux, Michael A. and Ioannidis, John P.A. and Taufer, Michela},
 journal = {Science},
 pages = {1240--1241},
 title = {{E}nhancing {R}eproducibility for {C}omputational {M}ethods},
 volume = {354},
 year = {2016}
}

@article{Straatsma1991,
 author = {Straatsma, T. P. and McCammon, J. A.},
 journal = {J. Chem. Phys.},
 pages = {1175--1188},
 title = {{M}ulticonfiguration {T}hermodynamic {I}ntegration},
 volume = {95},
 year = {1991}
}

@article{Strauss1970,
 author = {Strauss, Herbert L and Pickett, Herbert M},
 journal = {J. Am. Chem. Soc.},
 pages = {7281--7290},
 title = {Conformational Structure, Energy, and Inversion Rates of Cyclohexane and some Related Oxanes},
 volume = {92},
 year = {1970}
}

@article{Stroet2018,
 author = {Stroet, Martin and Caron, Bertrand and Visscher, Koen M. and Geerke, Daan P. and Malde, Alpeshkumar K. and Mark, Alan E.},
 journal = {J. Chem. Theory Comput.},
 pages = {5834--5845},
 title = {Automated Topology Builder Version 3.0: {P}rediction of Solvation Free Enthalpies in Water and Hexane},
 volume = {14},
 year = {2018}
}

@book{Stroustrup1995,
 author = {Stroustrup, Bjarne},
 edition = {4},
 publisher = {Addision-Wesley},
 title = {{T}he {C}++ {P}rogramming {L}anguage},
 year = {1995}
}

@article{Sugita1999,
 author = {Sugita, Yuji and Okamoto, Yuko},
 journal = {Chem. Phys. Lett.},
 pages = {141--151},
 title = {{R}eplica-{E}xchange {M}olecular {D}ynamics {M}ethod for {P}rotein {F}olding},
 volume = {314},
 year = {1999}
}

@article{Sugita2000,
 author = {Sugita, Yuji and Kitao, Akio and Okamoto, Yuko},
 journal = {J. Chem. Phys.},
 pages = {6042--6051},
 title = {Multidimensional Replica-Exchange Method for Free-Energy Calculations},
 volume = {113},
 year = {2000}
}

@article{Sugita2008,
 author = {Sugita, Yuji and Kitao, Akio and Okamoto, Yuko},
 journal = {J. Chem. Phys.},
 pages = {6042--6051},
 title = {{M}ultidimensional {R}eplica-{E}xchange {M}ethod for {F}ree-{E}nergy {C}alculations},
 volume = {113},
 year = {2000}
}

@article{Sugita2021,
 author = {Sugita, Masatake and Sugiyama, Satoshi and Fujie, Takuya and Yoshikawa, Yasushi and Yanagisawa, Keisuke and Ohue, Masahito and Akiyama, Yutaka},
 journal = {J. Chem. Inf. Model.},
 pages = {3681--3695},
 title = {{L}arge-{S}cale {M}embrane {P}ermeability {P}rediction of {C}yclic {P}eptides {C}rossing a {L}ipid {B}ilayer {B}ased on {E}nhanced {S}ampling {M}olecular {D}ynamics {S}imulations},
 volume = {61},
 year = {2021}
}

@article{Sui2007,
 author = { Sui, Q. and Borchardt, D. and Rabenstein, D. L.},
 journal = {J. Am. Chem. Soc.},
 pages = {12042},
 title = {{K}inetics and {E}quilibria of {C}is/{T}rans {I}somerization of {B}ackbone {A}mide {B}onds in {P}eptoids},
 volume = {129},
 year = {2007}
}

@article{Sun2018,
 author = {Sun, Qiming and Berkelbach, Timothy C. and Blunt, Nick S. and Booth, George H. and Guo, Sheng and Li, Zhendong and Liu, Junzi and McClain, James D. and Sayfutyarova, Elvira R. and Sharma, Sandeep and Wouters, Sebastian and Chan, Garnet Kin-Lic},
 journal = {WIREs Computational Molecular Science},
 pages = {e1340},
 title = {{P}yS{C}F: the {P}ython-based simulations of chemistry framework},
 volume = {8},
 year = {2018}
}

@article{Suruzhon2020,
 author = {Suruzhon, Miroslav and Senapathi, Tharindu and Bodnarchuk, Michael S. and Viner, Russell and Wall, Ian D. and Barnett, Christopher B. and Naidoo, Kevin J. and Essex, Jonathan W.},
 journal = {J. Chem. Inf. Model.},
 pages = {1917--1921},
 title = {ProtoCaller: Robust Automation of Binding Free Energy Calculations},
 volume = {60},
 year = {2020}
}

@article{Talirz2021,
 author = {Talirz, Leopold and Ghiringhelli, Luca M. and Smit, Berend},
 journal = {Living Journal of Computational Molecular Science},
 pages = {1483},
 title = {{T}rends in {A}tomistic {S}imulation {S}oftware {U}sage [{A}rticle v1.0]},
 volume = {3},
 year = {2021}
}

@article{Tembre1984,
 author = {Tembre, Bhalachandra L. and Mc Cammon, J.Andrew},
 journal = {Comput. Chem.},
 pages = {281--283},
 title = {{L}igand-{R}eceptor {I}nteractions},
 volume = {8},
 year = {1984}
}

@article{Thompson2022,
 author = {Aidan P. Thompson and H. Metin Aktulga and Richard Berger and Dan S. Bolintineanu and W. Michael Brown and Paul S. Crozier and Pieter J. in \textquotesingle t Veld and Axel Kohlmeyer and Stan G. Moore and Trung Dac Nguyen and Ray Shan and Mark J. Stevens and Julien Tranchida and Christian Trott and Steven J. Plimpton},
 journal = {Comput. Phys. Commun.},
 pages = {108171},
 title = {L{A}MM{P}S \textendash  {A} Flexible {S}imulation {T}ool for {P}article-{B}ased {M}aterials {M}odeling at the {A}tomic, {M}eso, and {C}ontinuum {S}cales},
 volume = {271},
 year = {2022}
}

@article{Tironi1994,
 author = { Tironi, I. G. and Van Gunsteren, W. F.},
 journal = {Mol. Phys.},
 pages = {381},
 title = {{A} Molecular {D}ynamics {S}imulation {S}tudy of {C}hloroform},
 volume = {83},
 year = {1994}
}

@article{Tironi1995,
 author = {I. Tironi and R. Sperb and P. E. Smith and W. F. van Gunsteren},
 journal = {J. Chem. Phys.},
 pages = {5451--5459},
 title = {A Generalized Reaction Field Method for Molecular Dynamics Simulations},
 volume = {102},
 year = {1995}
}

@article{Torchia1984,
 author = {Torchia, Dennis A},
 journal = {Annual review of biophysics and bioengineering},
 pages = {125--144},
 title = {{S}olid {S}tate {N}MR {S}tudies of {P}rotein {I}nternal {D}ynamics},
 volume = {13},
 year = {1984}
}

@article{Tozzini2005,
 author = {Valentina Tozzini},
 journal = {Curr. Opin. Struct. Biol.},
 pages = {144--150},
 title = {{C}oarse-grained models for proteins},
 volume = {15},
 year = {2005}
}

@article{Trebst2006,
 author = {Trebst, Simon and Troyer, Matthias and Hansmann, Ulrich H.E.},
 journal = {J. Chem. Phys.},
 pages = {174903},
 title = {{O}ptimized {P}arallel {T}empering {S}imulations of {P}roteins},
 volume = {124},
 year = {2006}
}

@article{Trott2010,
 author = {Trott, Oleg and Olson, Arthur J},
 journal = {J. Comput. Chem.},
 pages = {455--461},
 title = {{A}uto{D}ock {V}ina: {I}mproving the {S}peed and {A}ccuracy of {D}ocking with a {N}ew {S}coring {F}unction, {E}fficient {O}ptimization, and {M}ultithreading},
 volume = {31},
 year = {2010}
}

@article{Tuomi2018,
 author = {Tuomi, Pauliina
and Multisilta, Jari
and Saarikoski, Petri
and Suominen, Jaakko},
 journal = {Education and Information Technologies},
 pages = {419--434},
 title = {{C}oding {S}kills as a {S}uccess {F}actor for a {S}ociety},
 volume = {23},
 year = {2018}
}

@article{Tyagi2018,
 author = { Tyagi, M. and Poongavanam, V. and Lindhagen, M. and Pettersen, A. and Sj{\"o}, P. and Schiesser, S. and Kihlberg, J.},
 journal = {Org. Lett.},
 pages = {5737},
 title = {{T}oward the {D}esign of {M}olecular {C}hameleons: {F}lexible {S}hielding of an {A}mide {B}ond {E}nhances {M}acrocycle {C}ell {P}ermeability},
 volume = {20},
 year = {2018}
}

@article{Valleau1972,
 author = {Valleau, J. P. and Card, D. N.},
 journal = {J. Chem. Phys.},
 pages = {5457--5462},
 title = {{M}onte {C}arlo {E}stimation of the {F}ree {E}nergy by {M}ultistage {S}ampling},
 volume = {57},
 year = {1972}
}

@article{Valleau1977,
 author = {Torrie, G. M and Valleau, J. P.},
 journal = {J. Comput. Phys.},
 pages = {187--199},
 title = {{N}onphysical {S}ampling {D}istributions in {M}onte {C}arlo {F}ree-{E}nergy {E}stimation: {U}mbrella {S}ampling},
 volume = {23},
 year = {1977}
}

@article{Vanderspoel2005,
 author = {van der Spoel, David and Lindahl, Erik and Hess, Berk and Groenhof, Gerrit and Mark, Alan E. and Berendsen, Herman J.C.},
 journal = {J. Comput. Chem.},
 pages = {1701--1718},
 title = {G{R}OM{A}CS: {F}ast, {F}lexible, and {F}ree},
 volume = {26},
 year = {2005}
}

@article{Vanderwalt2011,
 author = {Van Der Walt, St{\'e}fan and Colbert, S. Chris and Varoquaux, Ga{\"e}l},
 journal = {Comput. Sci. Eng.},
 pages = {22--30},
 title = {{T}he {N}um{P}y {A}rray: {A} Structure for {E}fficient {N}umerical {C}omputation},
 volume = {13},
 year = {2011}
}

@article{Vangunsteren1988,
 author = {van Gunsteren, W. F. and Berendsen, H. J.C.},
 journal = {Mol. Sim.},
 pages = {173--185},
 title = {{A} Leap-{F}rog {A}lgorithm for {S}tochastic {D}ynamics},
 volume = {1},
 year = {1988}
}

@book{Vanrossum1995,
 author = {van Rossum, G.},
 publisher = {Centrum voor Wiskunde en Informatica (CWI)},
 title = {{P}ython {T}utorial},
 year = {1995}
}

@misc{Vanrossum2009,
 address = {Scotts Valley, CA},
 author = {Van Rossum, Guido and Drake, Fred L.},
 doi = {10.5555/1593511},
 publisher = {Create Space},
 title = {{P}ython 3 {R}eference {M}anual},
 year = {2009}
}

@article{Vetta2018,
 author = {De Vetta, Martina and Menger, Maximilian F. S.
J. and Nogueira, Juan J. and Gonz{\'a}lez, Leticia},
 journal = {The J. Chem. Phys},
 pages = {2975--2984},
 title = {{S}olvent {E}ffects on {E}lectronically {E}xcited {S}tates: {Q}M/{C}ontinuum {V}ersus {Q}M/{E}xplicit {M}odels},
 volume = {122},
 year = {2018}
}

@article{Virtanen2020,
 author = {Virtanen, Pauli and Gommers, Ralf and Oliphant, Travis E. and Haberland, Matt and Reddy, Tyler and Cournapeau, David and Burovski, Evgeni and Peterson, Pearu and Weckesser, Warren and Bright, Jonathan and van der Walt, St{\'e}fan J. and Brett, Matthew and Wilson, Joshua and Millman, K. Jarrod and Mayorov, Nikolay and Nelson, Andrew R.J. and Jones, Eric and Kern, Robert and Larson, Eric and Carey, C. J. and Polat, {\. I}lhan and Feng, Yu and Moore, Eric W. and VanderPlas, Jake and Laxalde, Denis and Perktold, Josef and Cimrman, Robert and Henriksen, Ian and Quintero, E. A. and Harris, Charles R. and Archibald, Anne M. and Ribeiro, Ant{\^o}nio H. and Pedregosa, Fabian and van Mulbregt, Paul and Vijaykumar, Aditya and Bardelli, Alessandro Pietro and Rothberg, Alex and Hilboll, Andreas and Kloeckner, Andreas and Scopatz, Anthony and Lee, Antony and Rokem, Ariel and Woods, C. Nathan and Fulton, Chad and Masson, Charles and H{\"a}ggstr{\"o}m, Christian and Fitzgerald, Clark and Nicholson, David A. and Hagen, David R. and Pasechnik, Dmitrii V. and Olivetti, Emanuele and Martin, Eric and Wieser, Eric and Silva, Fabrice and Lenders, Felix and Wilhelm, Florian and Young, G. and Price, Gavin A. and Ingold, Gert Ludwig and Allen, Gregory E. and Lee, Gregory R. and Audren, Herv{\'e} and Probst, Irvin and Dietrich, J{\"o}rg P. and Silterra, Jacob and Webber, James T. and Slavi{\v c}, Janko and Nothman, Joel and Buchner, Johannes and Kulick, Johannes and Sch{\"o}nberger, Johannes L. and de Miranda Cardoso, Jos{\'e} Vin{\i}́cius and Reimer, Joscha and Harrington, Joseph and Rodr\textbackslash   {\' g}uez, Juan Luis Cano and Nunez-Iglesias, Juan and Kuczynski, Justin and Tritz, Kevin and Thoma, Martin and Newville, Matthew and K{\"u}mmerer, Matthias and Bolingbroke, Maximilian and Tartre, Michael and Pak, Mikhail and Smith, Nathaniel J. and Nowaczyk, Nikolai and Shebanov, Nikolay and Pavlyk, Oleksandr and Brodtkorb, Per A. and Lee, Perry and McGibbon, Robert T. and Feldbauer, Roman and Lewis, Sam and Tygier, Sam and Sievert, Scott and Vigna, Sebastiano and Peterson, Stefan and More, Surhud and Pudlik, Tadeusz and Oshima, Takuya and Pingel, Thomas J. and Robitaille, Thomas P. and Spura, Thomas and Jones, Thouis R. and Cera, Tim and Leslie, Tim and Zito, Tiziano and Krauss, Tom and Upadhyay, Utkarsh and Halchenko, Yaroslav O. and V{\'a}zquez-Baeza, Yoshiki},
 journal = {Nature Methods},
 pages = {261--272},
 title = {{S}ci{P}y 1.0: {F}undamental {A}lgorithms for {S}cientific {C}omputing in {P}ython},
 volume = {17},
 year = {2020}
}

@article{Voegeli2015,
 author = { V{\"o}geli, B. and Olsson, S. and Riek, R. and G{\"u}ntert, P.},
 journal = {Data Brief},
 pages = {99},
 title = {{C}ompiled {D}ata {S}et of {E}xact {N}OE {D}istance {L}imits, {R}esidual {D}ipolar {C}ouplings and {S}calar {C}ouplings for the {P}rotein {G}B3},
 volume = {5},
 year = {2015}
}

@article{Vorherr2018,
 author = { Vorherr, T. and Lewis, I. and Berghausen, J. and Desrayaud, S. and Schaefer, M.},
 journal = {Int. J. Pept. Res. Ther.},
 pages = {35},
 title = {{M}odulation of {O}ral {B}ioavailability and {M}etabolism for {C}losely {R}elated {C}yclic {H}exapeptides},
 volume = {24},
 year = {2018}
}

@article{Wagner1997,
 author = {Wagner, G},
 journal = {Nat. Struct.},
 pages = {841--844},
 title = {{A}n account of {N}MR in structural biology},
 volume = {4},
 year = {1997}
}

@article{Walters2020,
 author = {Walters, W. Patrick},
 journal = { J. Chem. Inf. Model.},
 pages = {4417--4420},
 title = {{C}ode {S}haring in the {O}pen {S}cience {E}ra},
 volume = {60},
 year = {2020}
}

@article{Wang2014,
 author = { Wang, C. K. and Northfield, S. E. and Colless, B. and Chaousis, S. and Hamernig, I. and Lohman, R.-J. and Nielsen, D. S. and Schroeder, C. I. and Liras, S. and Price, D. A. and Fairlie, D. P. and Craik, D. J.},
 journal = {Proc. Natl. Acad. Sci. U.S.A.},
 pages = {17504},
 title = {{R}ational {D}esign and {S}ynthesis of an {O}rally {B}ioavailable {P}eptide {G}uided by {N}MR {A}mide {T}emperature {C}oefficients},
 volume = {111},
 year = {2014}
}

@article{Wang2015,
 author = {L. Wang and Y. Wu and Y. Deng and B. Kim and L. Pierce and G. Krilov and D. Lupyan and S. Robinson and M. K. Dahlgren and J. Greenwood and D. L. Romero and C. Masse and J. L. Knight and T. Steinbrecher and T. Beuming and W. Damm and E. Harder and W. Sherman and M. Brewer and R. Wester and M. Murcko and L. Frye and R. Farid and T. Lin and D. L. Mobley and W. L. Jorgensen and B. J. Berne and R. A. Friesner and R. Abel},
 journal = {J. Am. Chem. Soc.},
 pages = {2695--2703},
 title = {Accurate and Reliable Prediction of Relative Ligand Binding Potency in Prospective Drug Discovery by Way of a Modern Free-Energy Calculation Protocol and Force Field},
 volume = {137},
 year = {2015}
}

@article{Wang2017,
 author = {Wang, Lingle and Deng, Yuqing and Wu, Yujie and Kim, Byungchan and LeBard, David N and Wandschneider, Dan and Beachy, Mike and Friesner, Richard A and Abel, Robert},
 journal = {J. Chem. Theory Comput.},
 pages = {42--54},
 title = {Accurate Modeling of Scaffold Hopping Transformations in Drug Discovery},
 volume = {13},
 year = {2017}
}

@article{Wang2021,
 author = {Wang, Shuzhe and K{\"o}nig, Gerhard and Roth, Hans-J{\"o}rg and Fouch{\'e}, Marianne and Rodde, Stephane and Riniker, Sereina},
 journal = {J. Med. Chem.},
 pages = {12761--12773},
 title = {{E}ffect of {F}lexibility, {L}ipophilicity, and the {L}ocation of {P}olar {R}esidues on the {P}assive {M}embrane {P}ermeability of a {S}eries of {C}yclic {D}ecapeptides},
 volume = {64},
 year = {2021}
}

@article{Watson1953,
 author = {Watson, J. D.
and Crick, F. H. C.},
 journal = {Nature},
 pages = {737--738},
 title = {{M}olecular {S}tructure of {N}ucleic {A}cids: {A} Structure for {D}eoxyribose {N}ucleic {A}cid},
 volume = {171},
 year = {1953}
}

@article{Weiner1981,
 author = {Weiner, Paul K and Kollman, Peter A},
 journal = {J. Comput. Chem.},
 pages = {287--303},
 title = {A{M}BE{R}: {A}ssisted {M}odel {B}uilding {W}ith {E}nergy {R}efinement. {A} General {P}rogram for {M}odeling {M}olecules and {T}heir {I}nteractions},
 volume = {2},
 year = {1981}
}

@article{Weiss2016,
 author = {Wei{\ss}, R. Gregor and Setny, Piotr and Dzubiella, Joachim},
 journal = {J. Phys. Chem. B},
 pages = {8127--8136},
 title = {{S}olvent {F}luctuations {I}nduce {N}on-{M}arkovian {K}inetics in {H}ydrophobic {P}ocket-{L}igand {B}inding},
 volume = {120},
 year = {2016}
}

@article{Weiß2016,
 author = {Wei{\ss}, R. Gregor and Setny, Piotr and Dzubiella, Joachim},
 journal = {J. Phys. Chem. B},
 pages = {8127--8136},
 title = {{S}olvent {F}luctuations {I}nduce {N}on-{M}arkovian {K}inetics in {H}ydrophobic {P}ocket-{L}igand {B}inding},
 volume = {120},
 year = {2016}
}

@article{Weiß2021,
 author = {Wei{\ss},R. Gregor  and Ries,Benjamin  and Wang,Shuzhe  and Riniker,Sereina },
 journal = {The Journal of Chemical Physics},
 pages = {084106},
 title = {{V}olume-scaled common nearest neighbor clustering algorithm with free-energy hierarchy},
 volume = {154},
 year = {2021}
}

@misc{Wenzel2011,
 author = {Wenzel Jakob and Jason Rhinelander and Dean Moldovan},
 title = {pybind11 -- {S}eamless operability between {C}++11 and {P}ython},
 year = {2017}
}

@misc{Wenzel2017,
 author = {Wenzel Jakob and Jason Rhinelander and Dean Moldovan},
 note = {https://github.com/pybind/pybind11},
 title = {pybind11 -- {S}eamless operability between {C}++11 and {P}ython},
 year = {2017}
}

@article{White2011,
 author = { White, T. R. and Renzelman, C. M. and Rand, A. C. and Rezai, T. and McEwen, C. M. and Gelev, V. M. and Turner, R. A. and Linington, R. G. and Leung, S. S. F. and Kalgutkar, A. S. and Bauman, J. N. and Zhang, Y. and Liras, S. and Price, D. A. and Mathiowetz, A. M. and Jacobson, M. P. and Lokey, R. S.},
 journal = {Nat. Chem. Biol.},
 pages = {810},
 title = {{O}n-{R}esin {N}-Methylation of {C}yclic {P}eptides for {D}iscovery of {O}rally {B}ioavailable {S}caffolds},
 volume = {7},
 year = {2011}
}

@article{Whitty2016,
 author = { Whitty, A. and Zhong, M. and Viarengo, L. and Beglov, D. and Hall, D. R. and Vajda, S.},
 journal = {Drug Discovery Today},
 pages = {712},
 title = {{Q}uantifying the {C}hameleonic {P}roperties of {M}acrocycles and {O}ther {H}igh-{M}olecular-{W}eight {D}rugs},
 volume = {},
 year = {2016}
}

@article{Witek2016,
 author = {Witek, Jagna and Keller, Bettina G. and Blatter, Markus and Meissner, Axel and Wagner, Trixie and Riniker, Sereina},
 journal = {J. Chem. Inf. Model.},
 pages = {1547--1562},
 title = {{K}inetic {M}odels of {C}yclosporin {A} in {P}olar and {A}polar {E}nvironments {R}eveal {M}ultiple {C}ongruent {C}onformational {S}tates},
 volume = {56},
 year = {2016}
}

@article{Witek2017,
 author = { Witek, J. and M{\"u}hlbauer, M. and Keller, B. G. and Blatter, M. and Meissner, A. and Wagner, T. and Riniker, S.},
 journal = {ChemPhysChem},
 pages = {3309},
 title = {{I}nterconversion {R}ates between {C}onformational {S}tates as {R}ationale for the {M}embrane {P}ermeability of {C}yclosporines},
 volume = {18},
 year = {2017}
}

@article{Witek2019,
 author = { Witek, J. and Wang, S. and Schroeder, B. and Lingwood, R. and Dounas, A. and Roth, H. J. and Fouch{\'e}, M. and Blatter, M. and Lemke, O. and Keller, B. and Riniker, S.},
 journal = {J. Chem. Inf. Model.},
 pages = {294},
 title = {{R}ationalization of the {M}embrane {P}ermeability {D}ifferences in a {S}eries of {A}nalogue {C}yclic {D}ecapeptides},
 volume = {59},
 year = {2019}
}

@article{Wolfenden1987,
 author = {Wolfenden, Richard and Liang, Yu Lan and Matthews, Margaret and Williams, Richard},
 journal = {J. Am. Chem. Soc.},
 pages = {463--466},
 title = {Cooperativity and Anticooperativity in Solvation by Water: Imidazoles, Quinones, Nitrophenols, Nitrophenolate, and Nitrothiophenolate Ions},
 volume = {109},
 year = {1987}
}

@article{Woods2003,
 author = {Woods, Christopher J and Essex, Jonathan W and King, Michael A},
 journal = {J. Phys. Chem. B},
 pages = {13703--13710},
 title = {{T}he {D}evelopment of {R}eplica-{E}xchange-{B}ased {F}ree-{E}nergy {M}ethods},
 volume = {107},
 year = {2003}
}

@article{Wuthrich1975,
 author = {W{\"u}thrich, K. and Wagner, G.},
 journal = {FEBS Lett.},
 pages = {265--268},
 title = {N{M}R {I}nvestigations of the {D}ynamics of the {A}romatic {A}mino {A}cid {R}esidues in the {B}asic {P}ancreatic {T}rypsin {I}nhibitor},
 volume = {50},
 year = {1975}
}

@article{Yamauchi2017,
 author = {Yamauchi, Masataka and Okumura, Hisashi},
 journal = {J. Chem. Phys.},
 pages = {184107},
 title = {{D}evelopment of {I}sothermal-{I}sobaric {R}eplica-{P}ermutation {M}ethod for {M}olecular {D}ynamics and {M}onte {C}arlo {S}imulations and {I}ts {A}pplication to {R}eveal {T}emperature and {P}ressure {D}ependence of {F}olded, {M}isfolded, and {U}nfolded {S}tates of {C}hignolin},
 volume = {147},
 year = {2017}
}

@article{Yang2019,
 author = {Yang,Yi Isaac  and Shao,Qiang  and Zhang,Jun  and Yang,Lijiang  and Gao,Yi Qin },
 journal = {The Journal of Chemical Physics},
 pages = {070902},
 title = {{E}nhanced {S}ampling in {M}olecular {D}ynamics},
 volume = {151},
 year = {2019}
}

@article{Yang2020,
 author = {Q. Yang and W. Burchett and G. S. Steeno and S. Liu and M. Yang and D. L. Mobley and X. Hou},
 journal = {J. Comput. Chem.},
 pages = {247--257},
 title = {{O}ptimal {D}esigns for {P}airwise {C}alculation: {A}n {A}pplication to {F}ree {E}nergy {P}erturbation in {M}inimizing {P}rediction {V}ariability},
 volume = {41},
 year = {2020}
}

@article{Ytreberg2006,
 author = {Ytreberg, F. Marty and Zuckerman, Daniel M.},
 journal = {J. Chem. Phys.},
 pages = {1--9},
 title = {{S}imple {E}stimation of {A}bsolute {F}ree {E}nergies for {B}iomolecules},
 volume = {124},
 year = {2006}
}

@article{Yu2017,
 author = {Yu, Haoyu S. and Deng, Yuqing and Wu, Yujie and Sindhikara, Dan and Rask, Amy R. and Kimura, Takayuki and Abel, Robert and Wang, Lingle},
 journal = {J. Chem. Theory Comput.},
 pages = {6290--6300},
 title = {Accurate and Reliable Prediction of the Binding Affinities of Macrocycles to Their Protein Targets},
 volume = {13},
 year = {2017}
}

@article{Zwanzig1954,
 author = {Zwanzig, Robert W},
 journal = {J. Chem. Phys.},
 pages = {1420--1426},
 title = {High-Temperature Equation of State by a Pertubation Method. I. Nonpolar Gases},
 volume = {22},
 year = {1954}
}

@article{Post1982,
  title={{R}eal {P}rogrammers {D}on’t {U}se {P}ascal},
  author={Post, Ed},
  journal={Datamation},
  volume={29},
  pages={263--265},
  year={1983}
}

@book{schiller1898wilhelm,
  title={Wilhelm Tell},
  author={Schiller, Friedrich},
  year={1898},
  publisher={H. Holt}
}

@book{ende2017,
  title={Die Unendliche Geschichte},
  author={Ende, Michael},
  year={2017},
  publisher={Thienemann Verlag}
}


@book{Goethe1825,
  title={Faust: Eine Tragoedie},
  author={Goethe, Johann Wolfgang},
  year={1825},
  publisher={Cotta}
}

@article{Walters2013,
author = {Walters, W. Patrick},
title = {Modeling, Informatics, and the Quest for Reproducibility},
journal = {J. Chem. Inf. Model.},
volume = {53},
pages = {1529--1530},
year = {2013},
}

@article{Jarzynski1997,
  title = {Nonequilibrium Equality for Free Energy Differences},
  author = {Jarzynski, C.},
  journal = {Phys. Rev. Lett.},
  volume = {78},
  pages = {2690--2693},
  year = {1997},
}

@article{Xiong2006,
author={Xiong, Hui
and Crespo, Alejandro
and Marti, Marcelo
and Estrin, Dario
and Roitberg, Adrian E.},
title={Free Energy Calculations with Non-Equilibrium Methods: Applications of the Jarzynski Relationship},
journal={Theor. Chem. Acc.},
year={2006},
volume={116},
pages={338--346},
}


@article{Riniker2017,
author = {Riniker, Sereina},
title = {Molecular Dynamics Fingerprints (MDFP): Machine Learning from MD Data To Predict Free-Energy Differences},
journal = {J. Chem. Inf. Model.},
volume = {57},
pages = {726--741},
year = {2017},
}


@article{Zhao2015,
title = {Molecular Dynamics in Drug Design},
journal = {Eur. J. Med. Chem.},
volume = {91},
pages = {4--14},
year = {2015},
author = {Zhao, Hongtao and Caflisch, Amedeo},
}

@article{Morris2009,
  title={AutoDock4 and AutoDockTools4: Automated Docking with Selective Receptor Flexibility},
  author={Morris, Garrett M and Huey, Ruth and Lindstrom, William and Sanner, Michel F and Belew, Richard K and Goodsell, David S and Olson, Arthur J},
  journal={J. Comp. Chem.},
  volume={30},
  pages={2785--2791},
  year={2009},
} 

@article{Eberhardt2021,
author = {Eberhardt, Jerome and Santos-Martins, Diogo and Tillack, Andreas F. and Forli, Stefano},
title = {AutoDock Vina 1.2.0: New Docking Methods, Expanded Force Field, and Python Bindings},
journal = {J. Chem. Inf. Model.},
volume = {61},
pages = {3891--3898},
year = {2021},
}

@article{Feng2015,
author = {Feng, Zhiwei and Pearce, Larry V. and Xu, Xiaomeng and Yang, Xiaole and Yang, Peng and Blumberg, Peter M. and Xie, Xiang-Qun},
title = {Structural Insight into Tetrameric hTRPV1 from Homology Modeling, Molecular Docking, Molecular Dynamics Simulation, Virtual Screening, and Bioassay Validations},
journal = {J. Chem. Inf. Model.},
volume = {55},
pages = {572--588},
year = {2015},
}

@article{Sokkar2011,
author={Sokkar, Pandian
and Mohandass, Shylajanaciyar
and Ramachandran, Murugesan},
title={Multiple Templates-based Homology Modeling Enhances Structure Quality of AT1 Receptor: Validation by Molecular Dynamics and Antagonist Docking},
journal={J. Mol. Model.},
year={2011},
volume={17},
pages={1565--1577},
}


@Article{Chavda2019,
author={Chavda, Jaydeepsinh
and Bhatt, Hardik},
title={3D-QSAR (CoMFA, CoMSIA, HQSAR and topomer CoMFA), MD Simulations and Molecular Docking Studies on Purinylpyridine Derivatives as B-Raf Inhibitors for the Treatment of Melanoma Cancer},
journal={Struct. Chem.},
year={2019},
volume={30},
pages={2093--2107},
}

@article{Chen2015,
title = {Beware of Docking!},
journal = {Trends Pharmacol. Sci.},
volume = {36},
pages = {78--95},
year = {2015},
author = {Yu-Chian Chen},
}



@article{Rezai2006A,
  title={Testing the Conformational Hypothesis of Passive Membrane Permeability Using Synthetic Cyclic Peptide Diastereomers},
  author={Rezai, Taha and Yu, Bin and Millhauser, Glenn L and Jacobson, Matthew P and Lokey, R Scott},
  journal={J. Am. Chem. Soc.},
  volume={128},
  pages={2510--2511},
  year={2006},
}

@misc{Matsson2017,
  title={How Big is Too Big for Cell Permeability?},
  author={Matsson, Par and Kihlberg, Jan},
  journal={J. Med. Chem.},
  volume={60},
  pages={1662--1664},
  year={2017},
}