@article{Abraham2015,
 author = {Mark James Abraham and Teemu Murtola and Roland Schulz and Szil{\'a}rd P{\'a}ll and Jeremy C. Smith and Berk Hess and Erik Lindahl},
 journal = {SoftwareX},
 pages = {19--25},
 title = {G{R}OM{A}CS: {H}igh {P}erformance {M}olecular {S}imulations {T}hrough {M}ulti-{L}evel {P}arallelism {F}rom {L}aptops to {S}upercomputers},
 volume = {1-2},
 year = {2015}
}

@inproceedings{Alfayez2018,
 address = {Cham},
 author = {Alfayez, Reem
and Chen, Celia
and Behnamghader, Pooyan
and Srisopha, Kamonphop
and Boehm, Barry},
 booktitle = {Disciplinary Convergence in Systems Engineering Research},
 editor = {Madni, Azad M.
and Boehm, Barry
and Ghanem, Roger G.
and Erwin, Daniel
and Wheaton, Marilee J.},
 isbn = {978-3-319-62217-0},
 pages = {113--125},
 publisher = {Springer International Publishing},
 title = {{A}n {E}mpirical {S}tudy of {T}echnical {D}ebt in {O}pen-{S}ource {S}oftware {S}ystems},
 year = {2018}
}

@misc{Anaconda2020,
 journal = {Anaconda Documentation},
 publisher = {Anaconda Inc.},
 title = {{A}naconda {S}oftware {D}istribution},
 url = {https://docs.anaconda.com/},
 version = {Vers. 2-2.4.0},
 year = {2020}
}

@article{Ayer2014,
 author = {Ayer, Vidya M. and Miguez, Sheila and Toby, Brian H.},
 journal = {Powder Diffraction},
 pages = {S48\textendash S64},
 title = {{W}hy scientists should learn to program in {P}ython},
 volume = {29},
 year = {2014}
}

@inproceedings{Backus1957,
 address = {New York, NY, USA},
 author = {Backus, J. W. and Beeber, R. J. and Best, S. and Goldberg, R. and Haibt, L. M. and Herrick, H. L. and Nelson, R. A. and Sayre, D. and Sheridan, P. B. and Stern, H. and Ziller, I. and Hughes, R. A. and Nutt, R.},
 isbn = {9781450378611},
 location = {Los Angeles, California},
 numpages = {11},
 pages = {188\textendash 198},
 booktitle={western joint computer conference: Techniques for reliability},
 publisher = {Association for Computing Machinery},
 title = {{T}he {F}OR{T}RA{N} Automatic {C}oding {S}ystem},
 year = {1957}
}

@misc{Beazley1996,
 author = {Beazley, David M.},
 location = {Monterey, California},
 pages = {15},
 series = {TCLTK\textquotesingle 96},
 title = {S{W}IG: {A}n {E}asy to {U}se {T}ool for {I}ntegrating {S}cripting {L}anguages with {C} and {C}++},
 year = {1996}
}

@article{Behnel2011,
 author = {Behnel, Stefan and Bradshaw, Robert and Citro, Craig and Dalcin, Lisandro and Seljebotn, Dag Sverre and Smith, Kurt},
 journal = {Computing in Science \& Engineering},
 pages = {31--39},
 title = {{C}ython: {T}he {B}est of {B}oth {W}orlds},
 volume = {13},
 year = {2011}
}

@article{Berendsen1995,
 author = {Berendsen, H. J. C.  and van der Spoel,D.  and van Drunen, R. },
 journal = {Comp. Phys. Comm.},
 pages = {43--56},
 title = {G{R}OM{A}CS: {A} Message-{P}assing {P}arallel {M}olecular {D}ynamics {I}mplementation},
 volume = {91},
 year = {1995}
}

@book{Blanchette2008,
 author = {Blanchette, Jasmin },
 publisher = {Trolltech},
 title = {{T}he {L}ittle {M}anual of {A}PI {D}esign},
 year = {2008}
}

@inproceedings{Bloch2006,
 address = {New York, NY, USA},
 author = {Bloch, Joshua},
 booktitle = {Companion to the 21st ACM SIGPLAN Symposium on Object-Oriented Programming Systems, Languages, and Applications},
 isbn = {159593491X},
 location = {Portland, Oregon, USA},
 numpages = {2},
 pages = {506\textendash 507},
 publisher = {Association for Computing Machinery},
 series = {OOPSLA \textquotesingle 06},
 title = {{H}ow to {D}esign a {G}ood {A}PI and {W}hy {I}t {M}atters},
 year = {2006}
}

@misc{Brandl2021,
 author = {Brandl, Georg},
 journal = {URL http://sphinx-doc. org/sphinx. pdf},
 title = {{S}phinx documentation},
 year = {2021}
}

@misc{Bray2008,
 author = {Bray, T. and Paoli, J. and Sperberg-McQueen, C. M. and Maler, Eve and Yergeau, Francois},
 edition = {5},
 publisher = {W3C},
 title = {{E}xtensible {M}arkup {L}anguage ({X}ML) 1.0},
 year = {2008}
}

@article{Case2005,
 author = {Case, David A. and Cheatham III, Thomas E. and Darden, Tom and Gohlke, Holger and Luo, Ray and Merz Jr., Kenneth M. and Onufriev, Alexey and Simmerling, Carlos and Wang, Bing and Woods, Robert J.},
 journal = {Journal of Computational Chemistry},
 pages = {1668--1688},
 title = {{T}he {A}mber biomolecular simulation programs},
 volume = {26},
 year = {2005}
}

@misc{Cass2017,
 author = {Cass, Stephen},
 journal = {IEEE Spectrum},
 title = {{T}he 2017 {T}op {P}rogramming {L}anguages},
 year = {2017}
}

@misc{Cass2018,
 author = {Cass, Stephen},
 journal = {IEEE Spectrum},
 title = {{T}he 2018 {T}op {P}rogramming {L}anguages},
 volume = {31},
 year = {2018}
}

@misc{Cass2019,
 author = {Cass, Stephen},
 journal = {IEEE Spectrum},
 title = {{T}he 2019 {T}op {P}rogramming {L}anguages},
 year = {2019}
}

@misc{Cass2020,
 author = {Cass, Stephen},
 journal = {IEEE Spectrum},
 title = {{T}he 2020 {T}op {P}rogramming {L}anguages},
 year = {2020}
}

@misc{Cass2021,
 author = {Cass, Stephen},
 journal = {IEEE Spectrum},
 title = {{T}he 2021 {T}op {P}rogramming {L}anguages},
 year = {2021}
}

@article{Cock2009,
 author = {Cock, Peter J. A.
and Antao, Tiago
and Chang, Jeffrey T.
and Chapman, Brad A.
and Cox, Cymon J.
and Dalke, Andrew
and Friedberg, Iddo
and Hamelryck, Thomas
and Kauff, Frank
and Wilczynski, Bartek
and de Hoon, Michiel J. L.},
 journal = {Bioinformatics (Oxford, England)},
 pages = {1422--1423},
 title = {{B}iopython: freely available {P}ython tools for computational molecular biology and bioinformatics},
 volume = {25},
 year = {2009}
}

@article{Cournia2020,
 author = {Cournia, Zoe and Allen, Bryce K. and Beuming, Thijs and Pearlman, David A. and Radak, Brian K. and Sherman, Woody},
 journal = {J. Chem. Inf. Model.},
 pages = {4153 -- 4169},
 title = {{R}igorous {F}ree {E}nergy {S}imulations in {V}irtual {S}creening},
 volume = {60},
 year = {2020}
}

@book{Curry1958,
 author = {Curry, Haskell and Feys, Robert and Hindley, Roger and Seldin, Jonathan P.},
 publisher = {North-Holland Publishing Co.},
 title = {{C}ombinatory {L}ogic},
 year = {1958}
}

@misc{Delano2020,
 author = {Schr{\"o}dinger, LLC and Warren DeLano},
 date = {2020-05-20},
 title = {{P}yM{O}L},
 url = {http://www.pymol.org/pymol},
 version = {2.4.0}
}

@article{Eastman2017,
 author = {Eastman, Peter and Swails, Jason and Chodera, John D. and McGibbon, Robert T. and Zhao, Yutong and Beauchamp, Kyle A. and Wang, Lee Ping and Simmonett, Andrew C. and Harrigan, Matthew P. and Stern, Chaya D. and Wiewiora, Rafal P. and Brooks, Bernard R. and Pande, Vijay S.},
 journal = {PLoS Comput. Biol.},
 pages = {e1005659},
 title = {{O}pen{M}M 7: {R}apid {D}evelopment of {H}igh {P}erformance {A}lgorithms for {M}olecular {D}ynamics},
 volume = {13},
 year = {2017}
}

@article{Eichenberger2011,
 author = {A. P. Eichenberger and J. R. Allison and J. Dolenc and D. P. Geerke and B. A. C. Horta and K. Meier and C. Oostenbrink and N. Schmid and D. Steiner and D. Wang and W. F. van Gunsteren},
 journal = {J. Chem. Theory Comput.},
 pages = {3379--3390},
 title = {{T}he {G}RO{M}OS++ {S}oftware for the {A}nalysis of {B}iomolecular {S}imulation {T}rajectories},
 volume = {7},
 year = {2011}
}


@incollection{Ganney2020,
 author = {Paul S. Ganney and Sandhya Pisharody and Edwin Claridge},
 booktitle = {Clinical Engineering},
 doi = {https://doi.org/10.1016/B978-0-08-102694-6.00009-7},
 edition = {Second Edition},
 editor = {Azzam Taktak and Paul S. Ganney and David Long and Richard G. Axell},
 isbn = {978-0-08-102694-6},
 pages = {131--168},
 publisher = {Academic Press},
 title = {{C}hapter 9 - {S}oftware engineering},
 year = {2020}
}

@book{Gosling2000,
 author = {Gosling, James and Joy, Bill and Steele, Guy and Bracha, Gilad},
 publisher = {Addison-Wesley Professional},
 title = {{T}he {J}ava language specification},
 year = {2000}
}

@article{Henning2009,
 author = {Henning, Michi},
 journal = {Commun. ACM},
 pages = {46\textendash 56},
 title = {A{P}I {D}esign {M}atters},
 volume = {52},
 year = {2009}
}

@article{Hess2008,
 author = {Hess, Berk and Kutzner, Carsten and van der Spoel, David and Lindahl, Erik},
 journal = {J. Chem. Theory Comput.},
 pages = {435--447},
 title = {G{R}OM{A}CS 4: {A}lgorithms for {H}ighly {E}fficient, {L}oad-{B}alanced, and {S}calable {M}olecular {S}imulation},
 volume = {4},
 year = {2008}
}

@misc{Hf52020,
 author = {hdfgroup},
 month = {09},
 note = {An optional note},
 title = {H{D}F5 version 1.10.7 released on 2020-09-16},
 year = {2020}
}

@article{Hunter2007,
 author = {Hunter, John D.},
 journal = {Comput. Sci. Eng.},
 pages = {99--104},
 title = {{M}atplotlib: {A} 2{D} Graphics {E}nvironment},
 volume = {9},
 year = {2007}
}

@article{Irrgang2018,
 author = {Irrgang, M Eric and Hays, Jennifer M and Kasson, Peter M},
 journal = {Bioinformatics},
 pages = {3945--3947},
 title = {gmxapi: a high-level interface for advanced control and extension of molecular dynamics simulations},
 volume = {34},
 year = {2018}
}

@misc{Jcconduct2021,
 author = {BioMed Central},
 howpublished = {r\ulhttp://biomedcentral.com/getpublished/editorial-policies},
 note = {Accessed: 2021-12-07},
 title = {{E}ditorial {P}olicies}
}

@inproceedings{Kay1993,
 address = {New York, NY, USA},
 author = {Kay, Alan C.},
 booktitle = {The Second ACM SIGPLAN Conference on History of Programming Languages},
 doi = {10.1145/154766.155364},
 isbn = {0897915704},
 location = {Cambridge, Massachusetts, USA},
 numpages = {27},
 pages = {69\textendash 95},
 publisher = {Association for Computing Machinery},
 series = {HOPL-II},
 title = {{T}he {E}arly {H}istory of {S}malltalk},
 year = {1993}
}

@book{Kernighan2006,
 author = {Kernighan, Brian W and Ritchie, Dennis M},
 publisher = {Prentice-Hall},
 title = {{T}he {C} programming language},
 year = {1988}
}

@article{Kluyver2016,
 author = {Kluyver, Thomas and Ragan-kelley, Benjamin and P{\'e}rez, Fernando and Granger, Brian and Bussonnier, Matthias and Frederic, Jonathan and Kelley, Kyle and Hamrick, Jessica and Grout, Jason and Corlay, Sylvain and Ivanov, Paul and Avila, Dami{\'a}n and Abdalla, Safia and Willing, Carol and Development Team, Jupyter},
 journal = {ELPUB},
 pages = {87--90},
 title = {{J}upyter {N}otebooks \textemdash   - {A} Publishing {F}ormat for {R}eproducible {C}omputational {W}orkflows},
 volume = {-},
 year = {2016}
}

@incollection{Koranne2011,
 author = {Koranne, Sandeep},
 booktitle = {Handbook of open source tools},
 pages = {127--143},
 publisher = {Springer},
 title = {{B}oost c++ libraries},
 year = {2011}
}

@inproceedings{Lam2015,
 address = {New York, NY, USA},
 articleno = {7},
 author = {Lam, Siu Kwan and Pitrou, Antoine and Seibert, Stanley},
 isbn = {9781450340052},
 location = {Austin, Texas},
 numpages = {6},
 publisher = {Association for Computing Machinery},
 series = {LLVM \textquotesingle 15},
 booktitle={Proceedings of the Second Workshop on the LLVM Compiler Infrastructure in HPC},
 title = {{N}umba: {A} L{L}VM-{B}ased {P}ython {J}IT {C}ompiler},
 year = {2015}
}

@misc{Landrum2021,
 author = {G. Landrum and P. Tosco and B. Kelley and S. Riniker and Ric and gedeck and R. Vianello and N. Schneider and A. Dalke and Dan N and et al.},
 month = {Mar},
 publisher = {Zenodo},
 title = {rdkit/rdkit: 2020\_09\_5 ({Q}3 2020) {R}elease},
 year = {2021}
}


@inproceedings{Lattner2008,
 author = {Lattner, Chris},
 booktitle = {The BSD conference},
 title = {L{L}VM and {C}lang: {N}ext generation compiler technology},
 volume = {5},
 year = {2008}
}

@misc{Lehner2021,
 author = {Marc Thierry Lehner and Benjamin Ries and Salom{\'e} Rieder and Sereina Riniker},
 doi = {10.5281/zenodo.4621710},
 month = {Mar},
 publisher = {Zenodo},
 title = {rinikerlab/{P}yGromos{T}ools: {P}yGromos{T}ools\_{V}2 (v2.0)},
 year = {2021}
}

@article{Leino2002,
 author = {Leino, K. Rustan M. and Nelson, Greg},
 journal = {ACM Trans. Program. Lang. Syst.},
 pages = {491\textendash --553},
 title = {{D}ata {A}bstraction and {I}nformation {H}iding},
 volume = {24},
 year = {2002}
}

@article{Lier2020,
 author = {Lier, Bettina and {\"O}hlknecht, Christoph and de Ruiter, Anita and Gebhardt, Julia and van Gunsteren, Wilfred F. and Oostenbrink, Chris and Hansen, Niels},
 journal = {Living J. Comp. Mol. Sci.},
 pages = {18552},
 title = {{A} Suite of {A}dvanced {T}utorials for the {G}RO{M}OS {B}iomolecular {S}imulation {S}oftware [{A}rticle v1.0]},
 volume = {2},
 year = {2020}
}

@article{Lindahl2001,
 author = {Lindahl, Erik and Hess, Berk and van der Spoel, David},
 journal = {J. Mol. Model.},
 pages = {306--317},
 title = {G{R}OM{A}CS 3.0: {A} Package for {M}olecular {S}imulation and {T}rajectory {A}nalysis},
 volume = {7},
 year = {2001}
}

@article{Mckinney2010,
 author = {McKinney, Wes},
 journal = {Proc. of the 9th Python in Science Conf. },
 pages = {51--56},
 title = {{D}ata {S}tructures for {S}tatistical {C}omputing in {P}ython},
 volume = {445},
 year = {2010}
}

@article{Millman2011,
 author = {Millman, K. Jarrod and Aivazis, Michael},
 journal = {Computing in Science   Engineering},
 pages = {9--12},
 title = {{P}ython for {S}cientists and {E}ngineers},
 volume = {13},
 year = {2011}
}

@misc{Natureconduct2021,
 author = {NeurIPS},
 howpublished = {r\ulhttps://nips.cc/Conferences/2020/PaperInformation/CodeSubmissionPolicy},
 note = {Accessed: 2021-12-07},
 title = {{C}ode {S}ubmission {P}olicy}
}

@article{O'Boyle2008,
 author = {O\textquotesingle Boyle, Noel M.
and Morley, Chris
and Hutchison, Geoffrey R.},
 journal = {Chemistry Central Journal},
 pages = {5},
 title = {{P}ybel: a {P}ython wrapper for the {O}pen{B}abel cheminformatics toolkit},
 volume = {2},
 year = {2008}
}

@article{Oliphant2007,
 author = {Oliphant, Travis E.},
 journal = {Computing in Science   Engineering},
 pages = {10--20},
 title = {{P}ython for {S}cientific {C}omputing},
 volume = {9},
 year = {2007}
}

@inproceedings{Pall2015,
 author = {P{\'a}ll, Szil{\'a}rd
and Abraham, Mark James
and Kutzner, Carsten
and Hess, Berk
and Lindahl, Erik},
 booktitle = {Solving Software Challenges for Exascale},
 editor = {Markidis, Stefano
and Laure, Erwin},
 isbn = {978-3-319-15976-8},
 pages = {3--27},
 publisher = {Springer International Publishing},
 title = {{T}ackling {E}xascale {S}oftware {C}hallenges in {M}olecular {D}ynamics {S}imulations with {G}RO{M}AC{S}},
 year = {2015}
}

@inproceedings{Pezoa2016,
 author = {Pezoa, Felipe and Reutter, Juan L and Suarez, Fernando and Ugarte, Mart{\i}́n and Vrgo{\v c}, Domagoj},
 booktitle = {Proceedings of the 25th International Conference on World Wide Web},
 organization = {International World Wide Web Conferences Steering Committee},
 pages = {263--273},
 title = {{F}oundations of {J}SO{N} Schema},
 year = {2016}
}

@article{Pronk2013,
 author = {Pronk, Sander and P{\'a}ll, Szil{\'a}rd and Schulz, Roland and Larsson, Per and Bjelkmar, P{\"a}r and Apostolov, Rossen and Shirts, Michael R. and Smith, Jeremy C. and Kasson, Peter M. and van der Spoel, David and Hess, Berk and Lindahl, Erik},
 journal = {J. Bioinform.},
 pages = {845--854},
 title = {G{R}OM{A}CS 4.5: a {H}igh-{T}hroughput and {H}ighly {P}arallel {O}pen {S}ource {M}olecular {S}imulation {T}oolkit},
 volume = {29},
 year = {2013}
}

@misc{Pypi2021,
 publisher = {Python Software Foundation},
 title = {{P}ython {P}ackage {I}ndex - {P}yP{I}},
 url = {https://pypi.org/},
 urldate = {2021-03-28}
}

@article{Qiu2021,
 author = {Qiu, Yudong and Smith, Daniel G. A. and Boothroyd, Simon and Jang, Hyesu and Hahn, David F. and Wagner, Jeffrey and Bannan, Caitlin C. and Gokey, Trevor and Lim, Victoria T. and Stern, Chaya D. and Rizzi, Andrea and Tjanaka, Bryon and Tresadern, Gary and Lucas, Xavier and Shirts, Michael R. and Gilson, Michael K. and Chodera, John D. and Bayly, Christopher I. and Mobley, David L. and Wang, Lee-Ping},
 journal = {J. Chem. Theory Comput.},
 pages = {6262--6280},
 title = {{D}evelopment and {B}enchmarking of {O}pen {F}orce {F}ield v1.0.0 -- the {P}arsley {S}mall-{M}olecule {F}orce {F}ield},
 volume = {17},
 year = {2021}
}

@article{Rego2014,
 author = {Rego, Nicholas and Koes, David},
 journal = {Bioinformatics},
 pages = {1322--1324},
 title = {3{D}mol.js: molecular visualization with {W}eb{G}L},
 volume = {31},
 year = {2014}
}

@article{Ries2021B,
 author = {Ries, Benjamin and Normak, Karl and Weiss, Richard G. and Rieder, Salom{\'e} and Barros, Emilia P. and Champion, Candide and K{\"o}nig, Gerhard and Riniker, Sereina},
 journal = {J. Comput.-Aided Mol. Des.},
 pages = {in press},
 title = {{R}elative {F}ree-{E}nergy {C}alculations for {S}caffold {H}opping-{T}ype {T}ransformations with an {A}utomated {R}E-{E}DS {S}ampling {P}rocedure},
 volume = {-},
 year = {2021}
}

@article{Röst2014,
 author = {R{\"o}st, Hannes L. and Schmitt, Uwe and Aebersold, Ruedi and Malmstr{\"o}m, Lars},
 journal = {PROTEOMICS},
 pages = {74--77},
 title = {py{O}pen{M}S: {A} Python-based interface to the {O}pen{M}S mass-spectrometry algorithm library},
 volume = {14},
 year = {2014}
}

@article{Schmid2011,
 author = {Schmid, Nathan
and Eichenberger, Andreas P.
and Choutko, Alexandra
and Riniker, Sereina
and Winger, Moritz
and Mark, Alan E.
and van Gunsteren, Wilfred F.},
 journal = {Eur. Biophys. J.},
 pages = {843},
 title = {{D}efinition and {T}esting of the {G}RO{M}OS {F}orce-{F}ield {V}ersions 54{A}7 and 54{B}7},
 volume = {40},
 year = {2011}
}

@article{Schmid2012,
 author = {N. Schmid and C. D. Christ and M. Christen and A. P. Eichenberger and W. F. van Gunsteren},
 journal = {Comp. Phys. Comm.},
 pages = {890--903},
 title = {{A}rchitecture, {I}mplementation and {P}arallelization of the {G}RO{M}OS {S}oftware for {B}iomolecular {S}imulation},
 volume = {183},
 year = {2012}
}

@misc{Scienceconduct2021,
 author = {Science Journals},
 howpublished = {r\ulhttps://www.sciencemag.org/authors/science-journals-editorial-policies},
 note = {Accessed: 2021-12-07},
 title = {{E}ditorial {P}olicies}
}

@article{Shirts2017,
 author = {Shirts, Michael R.
and Klein, Christoph
and Swails, Jason M.
and Yin, Jian
and Gilson, Michael K.
and Mobley, David L.
and Case, David A.
and Zhong, Ellen D.},
 journal = {Journal of Computer-Aided Molecular Design},
 pages = {147--161},
 title = {{L}essons learned from comparing molecular dynamics engines on the {S}AM{P}L5 dataset},
 volume = {31},
 year = {2017}
}

@book{Stroustrup1995,
 author = {Stroustrup, Bjarne},
 publisher = {Addision-Wesley},
 edition = {4},
 title = {{T}he {C}++ {P}rogramming {L}anguage},
 year = {1995}
}

@article{Sun2018,
 author = {Sun, Qiming and Berkelbach, Timothy C. and Blunt, Nick S. and Booth, George H. and Guo, Sheng and Li, Zhendong and Liu, Junzi and McClain, James D. and Sayfutyarova, Elvira R. and Sharma, Sandeep and Wouters, Sebastian and Chan, Garnet Kin-Lic},
 journal = {WIREs Computational Molecular Science},
 pages = {e1340},
 title = {{P}yS{C}F: the {P}ython-based simulations of chemistry framework},
 volume = {8},
 year = {2018}
}

@article{Talirz2021,
 author = {Talirz, Leopold and Ghiringhelli, Luca M. and Smit, Berend},
 journal = {Living Journal of Computational Molecular Science},
 pages = {1483},
 title = {{T}rends in {A}tomistic {S}imulation {S}oftware {U}sage [{A}rticle v1.0]},
 volume = {3},
 year = {2021}
}

@article{Thompson2022,
 author = {Aidan P. Thompson and H. Metin Aktulga and Richard Berger and Dan S. Bolintineanu and W. Michael Brown and Paul S. Crozier and Pieter J. in \textquotesingle t Veld and Axel Kohlmeyer and Stan G. Moore and Trung Dac Nguyen and Ray Shan and Mark J. Stevens and Julien Tranchida and Christian Trott and Steven J. Plimpton},
 journal = {Comput. Phys. Commun.},
 pages = {108171},
 title = {L{A}MM{P}S \textendash  {A} Flexible {S}imulation {T}ool for {P}article-{B}ased {M}aterials {M}odeling at the {A}tomic, {M}eso, and {C}ontinuum {S}cales},
 volume = {271},
 year = {2022}
}

@article{Tuomi2018,
 author = {Tuomi, Pauliina
and Multisilta, Jari
and Saarikoski, Petri
and Suominen, Jaakko},
 journal = {Education and Information Technologies},
 pages = {419--434},
 title = {{C}oding {S}kills as a {S}uccess {F}actor for a {S}ociety},
 volume = {23},
 year = {2018}
}

@article{Vanderspoel2005,
 author = {van der Spoel, David and Lindahl, Erik and Hess, Berk and Groenhof, Gerrit and Mark, Alan E. and Berendsen, Herman J.C.},
 journal = {J. Comput. Chem.},
 pages = {1701--1718},
 title = {G{R}OM{A}CS: {F}ast, {F}lexible, and {F}ree},
 volume = {26},
 year = {2005}
}

@article{Vanderwalt2011,
 author = {Van Der Walt, St{\'e}fan and Colbert, S. Chris and Varoquaux, Ga{\"e}l},
 journal = {Comput. Sci. Eng.},
 pages = {22--30},
 title = {{T}he {N}um{P}y {A}rray: {A} Structure for {E}fficient {N}umerical {C}omputation},
 volume = {13},
 year = {2011}
}
@article{Virtanen2020,
 author = {Virtanen, Pauli and Gommers, Ralf and Oliphant, Travis E. and Haberland, Matt and Reddy, Tyler and Cournapeau, David and Burovski, Evgeni and Peterson, Pearu and Weckesser, Warren and Bright, Jonathan and van der Walt, St{\'e}fan J. and Brett, Matthew and Wilson, Joshua and Millman, K. Jarrod and Mayorov, Nikolay and Nelson, Andrew R.J. and Jones, Eric and Kern, Robert and Larson, Eric and Carey, C. J. and Polat, {\. I}lhan and Feng, Yu and Moore, Eric W. and VanderPlas, Jake and Laxalde, Denis and Perktold, Josef and Cimrman, Robert and Henriksen, Ian and Quintero, E. A. and Harris, Charles R. and Archibald, Anne M. and Ribeiro, Ant{\^o}nio H. and Pedregosa, Fabian and van Mulbregt, Paul and Vijaykumar, Aditya and Bardelli, Alessandro Pietro and Rothberg, Alex and Hilboll, Andreas and Kloeckner, Andreas and Scopatz, Anthony and Lee, Antony and Rokem, Ariel and Woods, C. Nathan and Fulton, Chad and Masson, Charles and H{\"a}ggstr{\"o}m, Christian and Fitzgerald, Clark and Nicholson, David A. and Hagen, David R. and Pasechnik, Dmitrii V. and Olivetti, Emanuele and Martin, Eric and Wieser, Eric and Silva, Fabrice and Lenders, Felix and Wilhelm, Florian and Young, G. and Price, Gavin A. and Ingold, Gert Ludwig and Allen, Gregory E. and Lee, Gregory R. and Audren, Herv{\'e} and Probst, Irvin and Dietrich, J{\"o}rg P. and Silterra, Jacob and Webber, James T. and Slavi{\v c}, Janko and Nothman, Joel and Buchner, Johannes and Kulick, Johannes and Sch{\"o}nberger, Johannes L. and de Miranda Cardoso, Jos{\'e} Vin{\i}́cius and Reimer, Joscha and Harrington, Joseph and Rodr\textbackslash   {\' g}uez, Juan Luis Cano and Nunez-Iglesias, Juan and Kuczynski, Justin and Tritz, Kevin and Thoma, Martin and Newville, Matthew and K{\"u}mmerer, Matthias and Bolingbroke, Maximilian and Tartre, Michael and Pak, Mikhail and Smith, Nathaniel J. and Nowaczyk, Nikolai and Shebanov, Nikolay and Pavlyk, Oleksandr and Brodtkorb, Per A. and Lee, Perry and McGibbon, Robert T. and Feldbauer, Roman and Lewis, Sam and Tygier, Sam and Sievert, Scott and Vigna, Sebastiano and Peterson, Stefan and More, Surhud and Pudlik, Tadeusz and Oshima, Takuya and Pingel, Thomas J. and Robitaille, Thomas P. and Spura, Thomas and Jones, Thouis R. and Cera, Tim and Leslie, Tim and Zito, Tiziano and Krauss, Tom and Upadhyay, Utkarsh and Halchenko, Yaroslav O. and V{\'a}zquez-Baeza, Yoshiki},
 journal = {Nature Methods},
 pages = {261--272},
 title = {{S}ci{P}y 1.0: {F}undamental {A}lgorithms for {S}cientific {C}omputing in {P}ython},
 volume = {17},
 year = {2020}
}

@article{Walters2020,
 author = {Walters, W. Patrick},
 journal = { J. Chem. Inf. Model.},
 pages = {4417--4420},
 title = {{C}ode {S}haring in the {O}pen {S}cience {E}ra},
 volume = {60},
 year = {2020}
}

@article{Weiß2021,
 author = {Wei{\ss},R. Gregor  and Ries,Benjamin  and Wang,Shuzhe  and Riniker,Sereina },
 journal = {The Journal of Chemical Physics},
 pages = {084106},
 title = {{V}olume-scaled common nearest neighbor clustering algorithm with free-energy hierarchy},
 volume = {154},
 year = {2021}
}

@misc{Wenzel2011,
 author = {Wenzel Jakob and Jason Rhinelander and Dean Moldovan},
 title = {pybind11 -- {S}eamless operability between {C}++11 and {P}ython},
 year = {2017}
}

@misc{Wenzel2017,
 author = {Wenzel Jakob and Jason Rhinelander and Dean Moldovan},
 note = {https://github.com/pybind/pybind11},
 title = {pybind11 -- {S}eamless operability between {C}++11 and {P}ython},
 year = {2017}
}

@article{Post1982,
  title={{R}eal {P}rogrammers {D}on’t {U}se {P}ascal},
  author={Post, Ed},
  journal={Datamation},
  volume={29},
  pages={263--265},
  year={1983}
}

@inbook{Meier2021,
 author = {Meier, Katharina and Bluck, Joseph P. and Christ, Clara D.},
 booktitle = {Free Energy Methods in Drug Discovery: Current State and Future Directions},
 chapter = {2},
 doi = {10.1021/bk-2021-1397.ch002},
 pages = {39-66},
 publisher = {ACS Publications},
 title = {{U}se of {F}ree {E}nergy {M}ethods in the {D}rug {D}iscovery {I}ndustry},
 year = {2021}
}

@article{Abel2017,
author = {Abel, Robert and Wang, Lingle and Harder, Edward D. and Berne, B. J. and Friesner, Richard A.},
title = {Advancing Drug Discovery through Enhanced Free Energy Calculations},
journal = {Acc. Chem. Res.},
volume = {50},
pages = {1625--1632},
year = {2017},
}
@article{Hansen2014,
 author = {Hansen, Niels and van Gunsteren, Wilfred F.},
 journal = {J. Chem. Theory Comput.},
 pages = {2632--2647},
 title = {{P}ractical {A}spects of {F}ree-{E}nergy {C}alculations: {A} Review},
 volume = {10},
 year = {2014}
}


@article{Cournia2017,
 author = {Cournia, Zoe and Allen, Bryce and Sherman, Woody},
 journal = {J. Chem. Inf. Model.},
 pages = {2911--2937},
 title = {{R}elative {B}inding {F}ree {E}nergy {C}alculations in {D}rug {D}iscovery: {R}ecent {A}dvances and {P}ractical {C}onsiderations},
 volume = {57},
 year = {2017}
}
