@article{Abdalla2018,
 author = { Abdalla, M. A. and McGaw, L. J.},
 journal = {Molecules.},
 pages = {2080},
 title = {{N}atural {C}yclic {P}eptides as an {A}ttractive {M}odality for {T}herapeutics: {A} Mini {R}eview},
 volume = {},
 year = {2018}
}

@article{Abel2017,
 author = {Abel, Robert and Wang, Lingle and Harder, Edward D. and Berne, B. J. and Friesner, Richard A.},
 journal = {Acc. Chem. Re.},
 pages = {1625--1632},
 title = {{A}dvancing {D}rug {D}iscovery {T}hrough {E}nhanced {F}ree {E}nergy {C}alculations},
 volume = {50},
 year = {2017}
}

@article{Abraham2015,
 author = {Abraham, Mark J. and Murtola,Teemu and  Schulz, Roland and  Pall, Szil{\'a}rd and Smith, Jeremy C. and Hess, Berk and Lindahl, Erik},
 journal = {SoftwareX.},
 pages = {19--25},
 title = {{G}romacs: {H}igh {P}erformance {M}olecular {S}imulations {T}hrough {M}ulti-{L}evel {P}arallelism {F}rom {L}aptops to {S}upercomputers},
 volume = {1-2},
 year = {2015}
}

@incollection{Agard2014,
 author = {Agard, David and Cheng, Yifan and Glaeser, Robert M. and Subramaniam, Sriram},
 booktitle = {Advances in Imaging and Electron Physics},
 pages = {113--137},
 publisher = {Elsevier},
 title = {{C}hapter {T}wo - {S}ingle-{P}article {C}ryo-{E}lectron {M}icroscopy ({C}ryo-{E}m): {P}rogress, {C}hallenges, and {P}erspectives for {F}urther {I}mprovement},
 year = {2014}
}

@article{Aldeghi2016,
 author = {Aldeghi, Matteo and Heifetz, Alexander and Bodkin, Michael J. and Knapp, Stefan and Biggin, Philip C.},
 journal = {Chem. Sci.},
 pages = {207--218},
 title = {{A}ccurate {C}alculation of the {A}bsolute {F}ree {E}nergy of {B}inding for {D}rug {M}olecules},
 volume = {7},
 year = {2016}
}

@article{Alex2011,
 author = { Alex, A. and Millan, D. S. and Perez, M. and Wakenhut, F. and Whitlock, G. A.},
 journal = {MedChemComm.},
 pages = {669},
 title = {{I}ntramolecular {H}ydrogen {B}onding to {I}mprove {M}embrane {P}ermeability and {A}bsorption in {B}eyond {R}ule of {F}ive {C}hemical {S}pace},
 volume = {2},
 year = {2011}
}

@inproceedings{Alfayez2018,
 author = {Alfayez, Reem
and Chen, Celia
and Behnamghader, Pooyan
and Srisopha, Kamonphop
and Boehm, Barry},
 booktitle = {Disciplinary Convergence in Systems Engineering Research},
 pages = {113--125},
 publisher = {Springer International Publishing},
 title = {{A}n {E}mpirical {S}tudy of {T}echnical {D}ebt in {O}pen-{S}ource {S}oftware {S}ystems},
 year = {2018}
}

@book{Allen2017,
 author = { Allen, Michael P. and Tildesley, Dominic J.},
 edition = {2},
 publisher = {OUP Oxford},
 title = {{C}omputer {S}imulation of {L}iquids},
 year = {2017}
}

@misc{Anaconda2020,
 journal = {Anaconda. Doc.},
 publisher = {Anaconda Inc.},
 title = {{A}naconda {S}oftware {D}istribution},
 url = {https://docs.anaconda.com/},
 version = {Vers. 2-2.4.0},
 year = {2020}
}

@article{Andersen1980,
 author = {Andersen, Hans C.},
 journal = {J. Chem. Phys.},
 pages = {2384--2393},
 title = {{M}olecular {D}ynamics {S}imulations at {C}onstant {P}ressure and/or {T}emperature},
 volume = {72},
 year = {1980}
}

@article{Appavoo2019,
 author = { Appavoo, S. D. and Huh, S. and Diaz, D. B. and Yudin, A. K.},
 journal = {Chem. Rev.},
 pages = {9724},
 title = {{C}onformational {C}ontrol of {M}acrocycles by {R}emote {S}tructural {M}odification},
 volume = {},
 year = {2019}
}

@article{Armacost2020,
 author = {Armacost, Kira A. and Riniker, Sereina and Cournia, Zoe},
 journal = {J. Chem. Inf. Model.},
 pages = {1--5},
 title = {{N}ovel {D}irections in {F}ree {E}nergy {M}ethods and {A}pplications},
 volume = {60},
 year = {2020}
}

@article{Askerka2017,
 author = {Askerka, Mikhail and Brudvig, Gary W. and Batista, Victor S.},
 journal = {Acc. Chem. Re.},
 pages = {41--48},
 title = {{T}he {O}2-{E}volving {C}omplex of {P}hotosystem {II}: {R}ecent {I}nsights {F}rom {Q}uantum {M}echanics/{M}olecular {M}echanics ({QM}/{MM}), {E}xtended {X}-Ray {A}bsorption {F}ine {S}tructure ({EXAFS}), and {F}emtosecond {X}-Ray {C}rystallography {D}ata},
 volume = {50},
 year = {2017}
}

@book{Atkins2014,
 author = {Atkins, P and De Paula, J},
 publisher = {OUP Oxford},
 title = {{A}tkins’ {P}hysical {C}hemistry},
 year = {2014}
}

@article{Ayer2014,
 author = {Ayer, Vidya M. and Miguez, Sheila and Toby, Brian H.},
 journal = {Powder. Diffr.},
 pages = {S48--S64},
 title = {{W}hy {S}cientists {S}hould {L}earn to {P}rogram in {P}ython},
 volume = {29},
 year = {2014}
}

@inproceedings{Backus1957,
 author = {Backus, J. W. and Beeber, R. J. and Best, S. and Goldberg, R. and Haibt, L. M. and Herrick, H. L. and Nelson, R. A. and Sayre, D. and Sheridan, P. B. and Stern, H. and Ziller, I. and Hughes, R. A. and Nutt, R.},
 booktitle = {western joint computer conference: Techniques for reliability},
 pages = {188--198},
 publisher = {Association for Computing Machinery},
 title = {{T}he {F}OR{T}RA{N} Automatic {C}oding {S}ystem},
 year = {1957}
}

@article{Balazs2019,
 author = { Balazs, A. Y. S. and Carbajo, R. J. and Davies, N. L. and Dong, Y. and Hird, A. W. and Johannes, J. W. and Lamb, M. L. and McCoull, W. and Raubo, P. and Robb, G. R. and Packer, M. J. and Chiarparin, E.},
 journal = {J. Med. Chem.},
 pages = {9418},
 title = {{F}ree {L}igand 1{D} N{M}R {C}onformational {S}ignatures to {E}nhance {S}tructure {B}ased {D}rug {D}esign of a {M}cL-1 {I}nhibitor ({A}ZD5991) and {O}ther {S}ynthetic {M}acrocycles},
 volume = {62},
 year = {2019}
}

@article{Barros2022,
 author = {P. Barros, Emilia and Ries, Benjamin and B{\"o}selt, Lennard and Champion, Candide and Riniker, Sereina},
 journal = {Curr. Opin. Struct. Biol.},
 pages = {55--62},
 title = {{R}ecent {D}evelopments in {M}ultiscale {F}ree {E}nergy {S}imulations},
 volume = {72},
 year = {2022}
}

@article{Barros202255,
 author = {Barros, Emilia P. and Ries, Benjamin and B{\"o}selt, Lennard and Champion, Candide and Riniker, Sereina},
 journal = {Curr. Opin. Struct. Biology.},
 pages = {55--62},
 title = {{R}ecent {D}evelopments in {M}ultiscale {F}ree {E}nergy {S}imulations},
 volume = {72},
 year = {2022}
}

@misc{Beazley1996,
 author = {Beazley, David M.},
 location = {Monterey, California},
 pages = {15},
 series = {TCLTK' 96},
 title = {S{W}IG: {A}n {E}asy to {U}se {T}ool for {I}ntegrating {S}cripting {L}anguages {W}ith {C} and {C}++},
 year = {1996}
}

@article{Beck2012,
 author = { Beck, J. G. and Chatterjee, J. and Laufer, B. and Kiran, M. U. and Frank, A. O. and Neubauer, S. and Ovadia, O. and Greenberg, S. and Gilon, C. and Hoffman, A. and Kessler, H.},
 journal = {J. Am. Chem. Soc.},
 pages = {12125},
 title = {{I}ntestinal {P}ermeability of {C}yclic {P}eptides: {C}ommon {K}ey {B}ackbone {M}otifs {I}dentified},
 volume = {134},
 year = {2012}
}

@article{Behnel2011,
 author = {Behnel, Stefan and Bradshaw, Robert and Citro, Craig and Dalcin, Lisandro and Seljebotn, Dag Sverre and Smith, Kurt},
 journal = {Comput. Sci. . Eng.},
 pages = {31--39},
 title = {{C}ython: {T}he {B}est of {B}oth {W}orlds},
 volume = {13},
 year = {2011}
}

@article{Bemporad2004,
 author = {Bemporad, Daniele and Essex, Jonathan W. and Luttmann, Claude},
 journal = {J. Phys. Chem.},
 pages = {4875--4884},
 title = {{P}ermeation of {S}mall {M}olecules {T}hrough a {L}ipid {B}ilayer: {A} Computer {S}imulation {S}tudy},
 volume = {108},
 year = {2004}
}

@article{Bennett1976,
 author = {Bennett, Charles H},
 journal = {J. Comput. Phys.},
 pages = {245--268},
 title = {{E}fficient {E}stimation of {F}ree {E}nergy {D}ifferences {F}rom {M}onte {C}arlo {D}ata},
 volume = {22},
 year = {1976}
}

@inbook{Berendsen1981,
 author = {Berendsen, H. J. C. and Postma, J. P. M. and van Gunsteren, W. F. and Hermans, J.},
 booktitle = {Intermolecular Forces},
 chapter = {14},
 pages = {331--342},
 publisher = {Reidel},
 title = {{I}nteraction {M}odels for {W}ater in {R}elation to {P}rotein {H}ydration},
 year = {1981}
}

@article{Berendsen1984,
 author = { Berendsen, H. J. C. and Postma, J. P. M. and van Gunsteren, W. F. and DiNola, A. and Haak, J. R.},
 journal = {J. Chem. Phys.},
 pages = {3684},
 title = {{M}olecular {D}ynamics {W}ith {C}oupling to an {E}xternal {B}ath},
 volume = {81},
 year = {1984}
}

@article{Berendsen1995,
 author = {Berendsen, H. J. C.  and van der Spoel,D.  and van Drunen, R. },
 journal = {Comp. Phys. Comm.},
 pages = {43--56},
 title = {G{R}OM{A}CS: {A} Message-{P}assing {P}arallel {M}olecular {D}ynamics {I}mplementation},
 volume = {91},
 year = {1995}
}

@article{Bieler2015,
 author = {Bieler, Noah S. and Tschopp, Jan P. and H{\"u}nenberger, Philippe H.},
 journal = {J. Chem. Theory. Comput.},
 pages = {2575--2588},
 title = {{M}ultistate $\Lambda$-{L}ocal-{E}levation {U}mbrella-{S}ampling ({M}s-$\Lambda$-{L}eu{s}): {M}ethod and {A}pplication to the {C}omplexation of {C}ations by {C}rown {E}thers},
 volume = {11},
 year = {2015}
}

@article{Bieler2015B,
 author = {Bieler, Noah S. and H{\"u}nenberger, Philippe H.},
 journal = {J. Chem. Theory. Comput.},
 pages = {1686--1697},
 title = {{O}rthogonal {S}ampling in {F}ree-{E}nergy {C}alculations of {R}esidue {M}utations in a {T}ripeptide: {T}I {V}ersus $\Lambda$-{L}eus},
 volume = {36},
 year = {2015}
}

@inproceedings{Binder2018,
 author = { Project Jupyter and Bussonnier, Matthias and Forde, Jessica and Freeman, Jeremy and Granger, Brian and Head, Tim and Holdgraf, Chris and Kelley, Kyle and Nalvarte, Gladys and Osheroff, Andrew and Pacer,  M. and Panda, Yuvi and Perez, Fernando and Ragan-Kelley, Benjamin and Willing, Carol },
 booktitle = { Proceedings of the 17th Python in Science Conference },
 pages = { 113 - 120 },
 title = { {B}inder 2.0 - {R}eproducible, {I}nteractive, {S}harable {E}nvironments for {S}cience at {S}cale },
 year = { 2018 }
}

@article{Biron2008,
 author = { Biron, E. and Chatterjee, J. and Ovadia, O. and Langenegger, D. and Brueggen, J. and Hoyer, D. and Schmid, H. A. and Jelinek, R. and Gilon, C. and Hoffman, A. and Kessler, H.},
 journal = {Angew. Chem. Int. Ed.},
 pages = {2595},
 title = {{I}mproving {O}ral {B}ioavailability of {P}eptides by {M}ultiple {N}-Methylation: {S}omatostatin {A}nalogues},
 volume = {47},
 year = {2008}
}

@inbook{Bisong2019,
 author = {Bisong, Ekaba},
 booktitle = {Building Machine Learning and Deep Learning Models on Google Cloud Platform: A Comprehensive Guide for Beginners},
 chapter = {7},
 pages = {59--64},
 publisher = {Apress},
 title = {{G}oogle {C}olaboratory},
 year = {2019}
}

@book{Blanchette2008,
 author = {Blanchette, Jasmin },
 publisher = {Trolltech},
 title = {{T}he {L}ittle {M}anual of {A}PI {D}esign},
 year = {2008}
}

@article{Bleiziffer2018,
 author = {Bleiziffer, Patrick and Schaller, Kay and Riniker, Sereina},
 journal = {J. Chem. Inf. Model.},
 pages = {579--590},
 title = {{M}achine {L}earning of {P}artial {C}harges {D}erived {F}rom {H}igh-{Q}uality {Q}uantum-{M}echanical {C}alculations},
 volume = {58},
 year = {2018}
}

@inproceedings{Bloch2006,
 author = {Bloch, Joshua},
 booktitle = {Companion to the 21st ACM SIGPLAN Symposium on Object-Oriented Programming Systems, Languages, and Applications},
 pages = {506--507},
 publisher = {Association for Computing Machinery},
 title = {{H}ow to {D}esign a {G}ood {A}PI and {W}hy {I}t {M}atters},
 year = {2006}
}

@article{Blondel1996,
 author = {Blondel, Arnaud and Karplus, Martin},
 journal = {J. Comp. Chem.},
 pages = {1132--1141},
 title = {{N}ew {F}ormulation for {D}erivatives of {T}orsion {A}ngles and {I}mproper {T}orsion {A}ngles in {M}olecular {M}echanics: {E}limination of {S}ingularities},
 volume = {17},
 year = {1996}
}

@article{Bockus2015,
 author = { Bockus, A. T. and Schwochert, J. A. and Pye, C. R. and Townsend, C. E. and Sok, V. and Bednarek, M. A. and Lokey, R. S.},
 journal = {J. Med. Chem.},
 pages = {7409},
 title = {{G}oing {O}ut on a {L}imb: {D}elineating the {E}ffects of \{B}eta  -{B}ranching, {N}-Methylation, and {S}ide {C}hain {S}ize on the {P}assive {P}ermeability, {S}olubility, and {F}lexibility of {S}anguinamide a {A}nalogues},
 volume = {58},
 year = {2015}
}

@article{Boltzmann1872,
 author = {Boltzmann, L.},
 journal = {Sitzungsber. Kais. Akad. Wi. Wien. Math. Naturwiss. Cl.},
 pages = {275--370},
 title = {{W}eitere {S}tudien {U}ber {D}as {W}{\"A}rmegleichgewicht {U}nter {G}asmolekulen},
 volume = {66},
 year = {1872}
}

@article{Boresch1999,
 author = {Boresch, Stefan and Karplus, Martin},
 journal = {J. Phys. Chem. A.},
 pages = {119--136},
 title = {{T}he {R}ole of {B}onded {T}erms in {F}ree {E}nergy {S}imulations. 2. {C}alculation of {T}heir {I}nfluence on {F}ree {E}nergy {D}ifferences of {S}olvation},
 volume = {103},
 year = {1999}
}

@article{Boresch1999B,
 author = {Boresch, Stefan and Karplus, Martin},
 journal = {J. Phys. Chem. A.},
 pages = {103--118},
 title = {{T}he {R}ole of {B}onded {T}erms in {F}ree {E}nergy {S}imulations: 1. {T}heoretical {A}nalysis},
 volume = {103},
 year = {1999}
}

@misc{Brandl2008,
 author = {Brandl, Georg},
 title = {{S}phinx {D}ocumentation {T}ool},
 year = {2008}
}

@misc{Brandl2021,
 author = {Brandl, Georg},
 journal = {URL. Http://sphinx-doc. Org/sphinx. Pdf.},
 title = {{S}phinx {D}ocumentation},
 year = {2021}
}

@misc{Bray2008,
 author = {Bray, T. and Paoli, J. and Sperberg-McQueen, C. M. and Maler, Eve and Yergeau, Francois},
 edition = {5},
 publisher = {W3C},
 title = {{E}xtensible {M}arkup {L}anguage ({X}ML) 1.0},
 year = {2008}
}

@article{Brooks1983,
 author = {Brooks, Bernard R and Bruccoleri, Robert E and Olafson, Barry D and States, David J and Swaminathan, S a and Karplus, Martin},
 journal = {J. Comput. Chem.},
 pages = {187--217},
 title = {C{H}AR{M}M: {A} Program for {M}acromolecular {E}nergy, {M}inimization, and {D}ynamics {C}alculations},
 volume = {4},
 year = {1983}
}

@article{Brooks2009,
 author = {Brooks, B R and Brooks III, C L and Mackerell Jr., A D and Nilsson, L and Petrella, R J and Roux, B and Won, Y and Archontis, G and Bartels, C and Boresch, S and Caflisch, A and Caves, L and Cui, Q and Dinner, A R and Feig, M and Fischer, S and Gao, J and Hodoscek, M and Im, W and Kuczera, K and Lazaridis, T and Ma, J and Ovchinnikov, V and Paci, E and Pastor, R W and Post, C B and Pu, J Z and Schaefer, M and Tidor, B and Venable, R M and Woodcock, H L and Wu, X and Yang, W and York, D M and Karplus, M},
 journal = {J. Comput. Chem.},
 pages = {1545--1614},
 title = {C{H}AR{M}M: {T}he {B}iomolecular {S}imulation {P}rogram},
 volume = {30},
 year = {2009}
}

@article{Brunger1984,
 author = {Br{\"u}nger, Axel and Brooks, Charles L. and Karplus, Martin},
 journal = {Chem. Phys. Lett.},
 pages = {495--500},
 title = {{S}tochastic {B}oundary {C}onditions for {M}olecular {D}ynamics {S}imulations of {S}T2 {W}ater},
 volume = {105},
 year = {1984}
}

@article{Caron2021,
 author = {Caron, Giulia and Kihlberg, Jan and Goetz, Gilles and Ratkova, Ekaterina and Poongavanam, Vasanthanathan and Ermondi, Giuseppe},
 journal = {AC. Med. Chem. Lett.},
 pages = {13--23},
 title = {{S}teering {N}ew {D}rug {D}iscovery {C}ampaigns: {P}ermeability, {S}olubility, and {P}hysicochemical {P}roperties in the B{R}o5 {C}hemical {S}pace},
 volume = {12},
 year = {2021}
}

@article{Carvalho2021,
 author = {Carvalho Martins, Luan and Cino, Elio A. and Ferreira, Rafaela Salgado},
 journal = {J. Chem. Theory. Comp.},
 pages = {4262--4273},
 title = {{P}yAuto{F}EP: {A}n {A}utomated {F}ree {E}nergy {P}erturbation {W}orkflow for {G}RO{M}AC{S} Integrating {E}nhanced {S}ampling {M}ethods},
 volume = {17},
 year = {2021}
}

@article{Case2005,
 author = {Case, David A. and Cheatham III, Thomas E. and Darden, Tom and Gohlke, Holger and Luo, Ray and Merz Jr., Kenneth M. and Onufriev, Alexey and Simmerling, Carlos and Wang, Bing and Woods, Robert J.},
 journal = {J. Comput. Chem.},
 pages = {1668--1688},
 title = {{T}he {A}mber {B}iomolecular {S}imulation {P}rograms},
 volume = {26},
 year = {2005}
}

@misc{Cass2017,
 author = {Cass, Stephen},
 journal = {IEEE. Spectr.},
 title = {{T}he 2017 {T}op {P}rogramming {L}anguages},
 year = {2017}
}

@misc{Cass2018,
 author = {Cass, Stephen},
 journal = {IEEE. Spectr.},
 title = {{T}he 2018 {T}op {P}rogramming {L}anguages},
 volume = {31},
 year = {2018}
}

@misc{Cass2019,
 author = {Cass, Stephen},
 journal = {IEEE. Spectr.},
 title = {{T}he 2019 {T}op {P}rogramming {L}anguages},
 year = {2019}
}

@misc{Cass2020,
 author = {Cass, Stephen},
 journal = {IEEE. Spectr.},
 title = {{T}he 2020 {T}op {P}rogramming {L}anguages},
 year = {2020}
}

@misc{Cass2021,
 author = {Cass, Stephen},
 journal = {IEEE. Spectr.},
 title = {{T}he 2021 {T}op {P}rogramming {L}anguages},
 year = {2021}
}

@article{Cazals2015,
 author = {Cazals, Fr{\'e}d{\'e}ric and Dreyfus, Tom and Mazauric, Dorian and Roth, Christine-Andrea and Robert, Charles H},
 journal = {J. Comput. Chem.},
 pages = {1213--1231},
 title = {{C}onformational {E}nsembles and {S}ampled {E}nergy {L}andscapes: {A}nalysis and {C}omparison},
 volume = {36},
 year = {2015}
}

@book{Chacon2014,
 author = {Chacon, Scott and Straub, Ben},
 publisher = {Springer Nature},
 title = {{P}ro {G}it},
 year = {2014}
}

@article{Chavda2019,
 author = {Chavda, Jaydeepsinh
and Bhatt, Hardik},
 journal = {Struct. Chem.},
 pages = {2093--2107},
 title = {3d-{Q}sar ({C}oM{F}A, {C}oM{S}IA, {H}QS{A}R and {T}opomer {C}oM{F}A), {M}D {S}imulations and {M}olecular {D}ocking {S}tudies on {P}urinylpyridine {D}erivatives as {B}-Raf {I}nhibitors for the {T}reatment of {M}elanoma {C}ancer},
 volume = {30},
 year = {2019}
}

@article{Chavent2014,
 author = {Chavent, Matthieu and Reddy, Tyler and Goose, Joseph and Dahl, Anna Caroline E. and Stone, John E. and Jobard, Bruno and Sansom, Mark S. P.},
 journal = {Faraday. Discus.},
 pages = {455--475},
 title = {{M}ethodologies for the {A}nalysis of {I}nstantaneous {L}ipid {D}iffusion in {MD} {S}imulations of {L}arge {M}embrane {S}ystems},
 volume = {169},
 year = {2014}
}

@article{Cheatham1995,
 author = {Cheatham, T. E. and Miller, J. L. and Fox, T. and Darden, T. A. and Kollman, P. A.},
 journal = {J. Am. Chem. Soc.},
 pages = {4193--4194},
 title = {{M}olecular {D}ynamics {S}imulations on {S}olvated {B}iomolecular {S}ystems: {T}he {P}article {M}esh {E}wald {M}ethod {L}eads to {S}table {T}rajectories of {D}NA, {R}NA, and {P}roteins},
 volume = {117},
 year = {1995}
}

@article{Chen2015,
 author = {Chen, Yu-Chian},
 journal = {Trends. Pharmacol. Sci.},
 pages = {78--95},
 title = {{B}eware of {D}ocking!},
 volume = {36},
 year = {2015}
}

@article{Chene2006,
 author = { Ch{\^e}ne, P.},
 journal = {ChemMedChem.},
 pages = {400},
 title = {{D}rugs {T}argeting {P}rotein-{P}rotein {I}nteractions},
 volume = {1},
 year = {2006}
}

@article{Cheng2017,
 author = {Yifan Cheng and Robert M. Glaeser and Eva Nogales},
 journal = {Cell.},
 pages = {1229--1231},
 title = {{H}ow {C}ryo-{EM} {B}ecame {S}o {H}ot},
 volume = {171},
 year = {2017}
}

@article{Chodera2011,
 author = {Chodera, John D and Mobley, David L and Shirts, Michael R and Dixon, Richard W and Branson,  Kim and Pande, Vijay S},
 journal = {Curr. Opin. Struct. Biology.},
 pages = {150--160},
 title = {{A}lchemical {F}ree {E}nergy {M}ethods for {D}rug {D}iscovery: {P}rogress and {C}hallenges},
 volume = {21},
 year = {2011}
}

@article{Chodera2013,
 author = {Chodera, John D. and Mobley, David L.},
 journal = {Annu. Rev. Biophys.},
 pages = {121--142},
 title = {{E}ntropy-{E}nthalpy {C}ompensation: {R}ole and {R}amifications in {B}iomolecular {L}igand {R}ecognition and {D}esign},
 volume = {42},
 year = {2013}
}

@article{Christ2007,
 author = {Christ, Clara D. and van Gunsteren, Wilfred F.},
 journal = {J. Chem. Phys.},
 pages = {184110},
 title = {{E}nveloping {D}istribution {S}ampling: {A} Method to {C}alculate {F}ree {E}nergy {D}ifferences {F}rom a {S}ingle {S}imulation},
 volume = {126},
 year = {2007}
}

@article{Christ2008,
 author = {Christ, Clara D. and van Gunsteren, Wilfred F.},
 journal = {J. Chem. Phys.},
 pages = {174112},
 title = {{M}ultiple {F}ree {E}nergies {F}rom a {S}ingle {S}imulation: {E}xtending {E}nveloping {D}istribution {S}ampling to {N}onoverlapping {P}hase-{S}pace {D}istributions},
 volume = {128},
 year = {2008}
}

@article{Christ2009,
 author = {Christ, Clara D and Mark, Alan E and van Gunsteren, Wilfred F},
 journal = {J. Comput. Chem.},
 pages = {1569--1582},
 title = {{B}asic {I}ngredients of {F}ree {E}nergy {C}alculations: {A} Review},
 volume = {31},
 year = {2009}
}

@article{Christ2009A,
 author = {Christ, Clara D. and van Gunsteren, Wilfred F.},
 journal = {J. Chem. Theory. Comput.},
 pages = {276--286},
 title = {{S}imple, {E}fficient, and {R}eliable {C}omputation of {M}ultiple {F}ree {E}nergy {D}ifferences {F}rom a {S}ingle {S}imulation: {A} Reference {H}amiltonian {P}arameter {U}pdate {S}cheme for {E}nveloping {D}istribution {S}ampling ({E}DS)},
 volume = {5},
 year = {2009}
}

@article{Christ2014,
 author = {Christ, Clara D. and Fox, Thomas},
 journal = {J. Chem. Inf. Model.},
 pages = {108--120},
 title = {{A}ccuracy {A}ssessment and {A}utomation of {F}ree {E}nergy {C}alculations for {D}rug {D}esign},
 volume = {54},
 year = {2014}
}

@article{Ciccotti1986,
 author = {Ciccotti, G. and Ryckaert, J.P.},
 journal = {Comput. Phys. Rep.},
 pages = {346--392},
 title = {{M}olecular {D}ynamics {S}imulation of {R}igid {M}olecules},
 volume = {4},
 year = {1986}
}

@article{Cock2009,
 author = {Cock, Peter J. A.
and Antao, Tiago
and Chang, Jeffrey T.
and Chapman, Brad A.
and Cox, Cymon J.
and Dalke, Andrew
and Friedberg, Iddo
and Hamelryck, Thomas
and Kauff, Frank
and Wilczynski, Bartek
and de Hoon, Michiel J. L.},
 journal = {Bioinform. (oxford. Engl.},
 pages = {1422--1423},
 title = {{B}iopython: {F}reely {A}vailable {P}ython {T}ools for {C}omputational {M}olecular {B}iology and {B}ioinformatics},
 volume = {25},
 year = {2009}
}

@book{Cohen1999,
 author = {Cohen, I. Bernard
and Whitman, Anne
and Budenz, Julia},
 edition = {1},
 publisher = {University of California Press},
 title = {{T}he {P}rincipia: {M}athematical {P}rinciples of {N}atural {P}hilosophy},
 year = {1999}
}

@article{Comeau2021,
 author = {Comeau, Christian and Ries, Benjamin and Stadelmann, Thomas and Tremblay, Jacob and Poulet, Sylvain and Fr{\"o}hlich, Ulrike and C{\^o}t{\`e}, J\ r̀{\^o}me and Boudreault, Pierre-Luc and Derbali, Rabeb Mouna and Sarret, Philippe and Grandbois, Michel and Leclair, Gr\ ^ {\`o}ire and Riniker, Sereina and Marsault, {\'E}ric},
 journal = {J. Med. Chem.},
 pages = {5365--5383},
 title = {{M}odulation of the {P}assive {P}ermeability of {S}emipeptidic {M}acrocycles: {N}- {A}nd {C}-Methylations {F}ine-{T}une {C}onformation and {P}roperties},
 volume = {64},
 year = {2021}
}

@article{Corbett2021,
 author = {Corbett, Karen M. and Ford, Leigh and Warren, Dallas B. and Pouton, Colin W. and Chalmers, David K.},
 journal = {J. Med. Chem.},
 pages = {13131--13151},
 title = {{C}yclosporin {S}tructure and {P}ermeability: {F}rom {A} to {Z} and {B}eyond},
 volume = {64},
 year = {2021}
}

@article{Cornell1995,
 author = {Cornell, Wendy D. and Cieplak, Piotr and Bayly, Christopher I. and Gould, Ian R. and Merz, Kenneth M. and Ferguson, David M. and Spellmeyer, David C. and Fox, Thomas and Caldwell, James W. and Kollman, Peter A.},
 journal = {J. Am. Chem. Soc.},
 pages = {5179--5197},
 title = {{A} Second {G}eneration {F}orce {F}ield for the {S}imulation of {P}roteins, {N}ucleic {A}cids, and {O}rganic {M}olecules},
 volume = {117},
 year = {1995}
}

@article{Cournia2017,
 author = {Cournia, Zoe and Allen, Bryce and Sherman, Woody},
 journal = {J. Chem. Inf. Model.},
 pages = {2911--2937},
 title = {{R}elative {B}inding {F}ree {E}nergy {C}alculations in {D}rug {D}iscovery: {R}ecent {A}dvances and {P}ractical {C}onsiderations},
 volume = {57},
 year = {2017}
}

@article{Cournia2020,
 author = {Cournia, Zoe and Allen, Bryce K. and Beuming, Thijs and Pearlman, David A. and Radak, Brian K. and Sherman, Woody},
 journal = {J. Chem. Inf. Model.},
 pages = {4153 -- 4169},
 title = {{R}igorous {F}ree {E}nergy {S}imulations in {V}irtual {S}creening},
 volume = {60},
 year = {2020}
}

@article{Crick1970,
 author = {Crick, Francis},
 journal = {Nature.},
 pages = {561--563},
 title = {{C}entral {D}ogma of {M}olecular {B}iology},
 volume = {227},
 year = {1970}
}

@book{Curry1958,
 author = {Curry, Haskell and Feys, Robert and Hindley, Roger and Seldin, Jonathan P.},
 publisher = {North-Holland Publishing Co.},
 title = {{C}ombinatory {L}ogic},
 year = {1958}
}

@article{Damodaran2001,
 author = {Damodaran, K. V. and Banba, Shinichi and Brooks, Charles L.},
 journal = {J. Phys. Chem.},
 pages = {9316--9322},
 title = {{A}pplication of {M}ultiple {T}opology $\Lambda$-{D}ynamics to a {H}ost-{G}uest {S}ystem: $\Beta$-{C}yclodextrin {W}ith {S}ubstituted {B}enzenes},
 volume = {105},
 year = {2001}
}

@article{Danelius2020,
 author = { Danelius, E. and Poongavanam, V. and Peintner, S. and Wieske, L. H. E. and Erd{\'e}lyi, M. and Kihlberg, J.},
 journal = {Chem. . Eur. J.},
 pages = {5231},
 title = {{S}olution {C}onformations {E}xplain the {C}hameleonic {B}ehaviour of {M}acrocyclic {D}rugs},
 volume = {26},
 year = {2020}
}

@article{Darden1993,
 author = {Darden,Tom  and York,Darrin  and Pedersen,Lee },
 journal = {J. Chem. Phys.},
 pages = {10089--10092},
 title = {{P}article {M}esh {E}wald: {A}n ${N} \ {D}ot {L}og({N})$ {M}ethod for {E}wald {S}ums in {L}arge {S}ystems},
 volume = {98},
 year = {1993}
}

@article{Daura1998,
 author = {Daura, Xavier and Mark, Alan E. and Van Gunsteren, Wilfred F.},
 journal = {J. Comput. Chem.},
 pages = {535--547},
 title = {{\em{P}arametrization of {A}liphatic {C}Hn {U}nited {A}toms of {GROMOS96} {F}orce {F}ield}},
 volume = {19},
 year = {1998}
}

@article{Debye1909,
 author = {Debye, P.},
 journal = {Math. Ann.},
 pages = {535--558},
 title = {{N}{\"A}herungsformeln {F}\"\r {D}ie {Z}ylinderfunktionen {F}\ " \"{G}ro{\ss}e {W}erte {D}es {A}rguments {U}nd {U}nbeschr\ "{A}ẗ {V}er\ "{A}nr\"liche {W}erte {D}es {I}ndex},
 volume = {67},
 year = {1909}
}

@misc{Delano2020,
 author = {Schrodinger, LLC and Warren DeLano},
 date = {2020-05-20},
 title = {{P}yM{O}L},
 url = {http://www.pymol.org/pymol},
 version = {2.4.0},
 year = {2020}
}

@book{Di2015,
 author = {Di, Li and Kerns, Edward},
 publisher = {Academic press},
 title = {{D}rug-{L}ike {P}roperties: {C}oncepts, {S}tructure {D}esign and {M}ethods {F}rom {A}DM{E} to {T}oxicity {O}ptimization},
 year = {2015}
}

@article{Doak2014,
 author = {Doak, BC. and Over, B. and Giordanetto, F. and Kihlberg, J.},
 journal = {Chem. . Biology.},
 pages = {1115--1142},
 title = {{O}ral {D}ruggable {S}pace {B}eyond the {R}ule of 5: {I}nsights {F}rom {D}rugs and {C}linical {C}andidates},
 volume = {21},
 year = {2014}
}

@article{Doak2016,
 author = {Doak, Bradley C. and Zheng, Jie and Dobritzsch, Doreen and Kihlberg, Jan},
 journal = {J. Med. Chem.},
 pages = {2312--2327},
 title = {{H}ow {B}eyond {R}ule of 5 {D}rugs and {C}linical {C}andidates {B}ind to {T}heir {T}argets},
 volume = {59},
 year = {2016}
}

@incollection{Dobson1986,
 author = {Dobson, CM and Karplus, M},
 booktitle = {Methods in {E}nzymology},
 pages = {362--389},
 publisher = {Elsevier},
 title = {{I}nternal {M}otion of {P}roteins: {N}uclear {M}agnetic {R}esonance {M}easurements and {D}ynamic {S}imulations},
 year = {1986}
}

@article{Doerr2016,
 author = {Doerr, Allison},
 journal = {Nat. Method.},
 pages = {23--23},
 title = {{S}ingle-{P}article {C}ryo-{E}lectron {M}icroscopy},
 volume = {13},
 year = {2016}
}

@article{Donnini2011,
 author = {Donnini, Serena and Tegeler, Florian and Groenhof, Gerrit and Grubm{\"u}ller, Helmut},
 journal = {J. Chem. Theory. Comput.},
 pages = {1962--1978},
 title = {{C}onstant P{H} Molecular {D}ynamics in {E}xplicit {S}olvent {W}ith $\Lambda$-{D}ynamics},
 volume = {7},
 year = {2011}
}

@article{Donnini2016,
 author = {Donnini, Serena and Ullmann, R. Thomas and Groenhof, Gerrit and Grubm{\"u}ller, Helmut},
 journal = {J. Chem. Theory. Comput.},
 pages = {1040--1051},
 title = {{C}harge-{N}eutral {C}onstant P{H} Molecular {D}ynamics {S}imulations {U}sing a {P}arsimonious {P}roton {B}uffer},
 volume = {12},
 year = {2016}
}

@article{Dougherty2017,
 author = { Dougherty, P. G. and Qian, Z. and Pei, D.},
 journal = {Biochem. J.},
 pages = {1109},
 title = {{M}acrocycles as {P}rotein--{P}rotein {I}nteraction {I}nhibitors},
 volume = {},
 year = {2017}
}

@article{Driggers2008,
 author = { Driggers, E. M. and Hale, S. P. and Lee, J. and Terrett, N. K.},
 journal = {Nat. Rev. Drug. Discov.},
 pages = {608},
 title = {{T}he {E}xploration of {M}acrocycles for {D}rug {D}iscovery--an {U}nderexploited {S}tructural {C}lass},
 volume = {7},
 year = {2008}
}

@article{Dugave2003,
 author = {Dugave, Christophe and Demange, Luc},
 journal = {Chem. Rev.},
 pages = {2475--2532},
 title = {{C}is--{T}rans {I}somerization of {O}rganic {M}olecules and {B}iomolecules: {I}mplications and {A}pplications},
 volume = {103},
 year = {2003}
}

@article{Durrant2011,
 author = {Durrant, Jacob D.
and McCammon, J. Andrew},
 journal = {BMC. Biol.},
 pages = {71},
 title = {{M}olecular {D}ynamics {S}imulations and {D}rug {D}iscovery},
 volume = {9},
 year = {2011}
}

@article{Eastman2010,
 author = {Eastman, Peter and Pande, Vijay},
 journal = {Comput. Sci. Eng.},
 pages = {34--39},
 title = {{O}pen{M}M: {A} Hardware-{I}ndependent {F}ramework for {M}olecular {S}imulations},
 volume = {12},
 year = {2010}
}

@article{Eastman2017,
 author = {Eastman, Peter and Swails, Jason and Chodera, John D. and McGibbon, Robert T. and Zhao, Yutong and Beauchamp, Kyle A. and Wang, Lee Ping and Simmonett, Andrew C. and Harrigan, Matthew P. and Stern, Chaya D. and Wiewiora, Rafal P. and Brooks, Bernard R. and Pande, Vijay S.},
 journal = {Plo. Comput. Biol.},
 pages = {e1005659},
 title = {{O}pen{M}M 7: {R}apid {D}evelopment of {H}igh {P}erformance {A}lgorithms for {M}olecular {D}ynamics},
 volume = {13},
 year = {2017}
}

@article{Eberhardt2021,
 author = {Eberhardt, Jerome and Santos-Martins, Diogo and Tillack, Andreas F. and Forli, Stefano},
 journal = {J. Chem. Inf. Model.},
 pages = {3891--3898},
 title = {{A}uto{D}ock {V}ina 1.2.0: {N}ew {D}ocking {M}ethods, {E}xpanded {F}orce {F}ield, and {P}ython {B}indings},
 volume = {61},
 year = {2021}
}

@article{Eichenberger2011,
 author = { Eichenberger, A. P. and Allison, J. R. and Dolenc, J. and Geerke, D. P. and Horta, B. A. C. and Meier, K. and Oostenbrink, C. and Schmid, N. and Steiner, D. and Wang, D. and Van Gunsteren, W. F.},
 journal = {J. Chem. Theory. Comput.},
 pages = {3379},
 title = {G{R}OM{O}S++ {S}oftware for the {A}nalysis of {B}iomolecular {S}imulation {T}rajectories},
 volume = {7},
 year = {2011}
}

@article{Elkin2003,
 author = {Elkin, Lynne Osman},
 journal = {Phys. Today.},
 pages = {42--48},
 title = {{R}osalind {F}ranklin and the {D}ouble {H}elix},
 volume = {56},
 year = {2003}
}

@book{Ende2017,
 author = {Ende, Michael},
 publisher = {Thienemann Verlag},
 title = {{D}ie {U}nendliche {G}eschichte},
 year = {2017}
}

@article{Eriksson1995,
 author = {Eriksson, Mats A.L.  and Nilsson, Lennart},
 journal = {J. Mol. Biol.},
 pages = {453--472},
 title = {{S}tructure, {T}hermodynamics and {C}ooperativity of the {G}lucocorticoid {R}eceptor {D}na-Binding {D}omain in {C}omplex {W}ith {D}ifferent {R}esponse {E}lements. {M}olecular {D}ynamics {S}imulation and {F}ree {E}nergy {P}erturbation {S}tudies},
 volume = {253},
 year = {1995}
}

@article{Feng2015,
 author = {Feng, Zhiwei and Pearce, Larry V. and Xu, Xiaomeng and Yang, Xiaole and Yang, Peng and Blumberg, Peter M. and Xie, Xiang-Qun},
 journal = {J. Chem. Inf. Model.},
 pages = {572--588},
 title = {{S}tructural {I}nsight {I}nto {T}etrameric H{T}RP{V}1 {F}rom {H}omology {M}odeling, {M}olecular {D}ocking, {M}olecular {D}ynamics {S}imulation, {V}irtual {S}creening, and {B}ioassay {V}alidations},
 volume = {55},
 year = {2015}
}

@article{Fleck2021,
 author = {Fleck, Markus and Wieder, Marcus and Boresch, Stefan},
 journal = {J. Chem. Theory. Comp.},
 pages = {4403--4419},
 title = {{D}ummy {A}toms in {A}lchemical {F}ree {E}nergy {C}alculations},
 volume = {17},
 year = {2021}
}

@article{Fogh1977,
 author = {Fogh, J{\o}rgen and Fogh, Jens M. and Orfeo, Thomas},
 journal = {J. Natl. Cancer. Inst.},
 pages = {221--226},
 title = {{O}ne {H}undred and {T}wenty-{S}even {C}ultured {H}uman {T}umor {C}ell {L}ines {P}roducing {T}umors in {N}ude {M}ice23},
 volume = {59},
 year = {1977}
}

@article{Fosgerau2015,
 author = { Fosgerau, K. and Hoffmann, T.},
 journal = {Drug. Discov. Today.},
 pages = {122},
 title = {{P}eptide {T}herapeutics: {C}urrent {S}tatus and {F}uture {D}irections},
 volume = {20},
 year = {2015}
}

@article{Frauenfelder1979,
 author = {Frauenfelder, Hans and Petsko, Gregory A and Tsernoglou, Demetrius},
 journal = {Nature.},
 pages = {558--563},
 title = {{T}emperature-{D}ependent {X}-Ray {D}iffraction as a {P}robe of {P}rotein {S}tructural {D}ynamics},
 volume = {280},
 year = {1979}
}

@article{Friedel2003,
 author = {Friedel, Miriam and Sheeler, Daniel J and Shea, Joan-Emma},
 journal = {J. Chem. Phys.},
 pages = {8106--8113},
 title = {{E}ffects of {C}onfinement and {C}rowding on the {T}hermodynamics and {K}inetics of {F}olding of a {M}inimalist $\Beta $ -{B}arrel {P}rotein},
 volume = {118},
 year = {2003}
}

@article{Friedrichs2009,
 author = {Friedrichs, Mark S. and Eastman, Peter and Vaidyanathan, Vishal and Houston, Mike and Legrand, Scott and Beberg, Adam L. and Ensign, Daniel L. and Bruns, Christopher M. and Pande, Vijay S.},
 journal = {J. Comput. Chem.},
 pages = {864--872},
 title = {{A}ccelerating {M}olecular {D}ynamic {S}imulation on {G}raphics {P}rocessing {U}nits},
 volume = {30},
 year = {2009}
}

@article{Furukawa2020,
 author = {Furukawa, Akihiro and Schwochert, Joshua and Pye, Cameron R. and Asano, Daigo and Edmondson, Quinn D. and Turmon, Alexandra C. and Klein, Victoria G. and Ono, Satoshi and Okada, Okimasa and Lokey, R. Scott},
 journal = {Angew. Chem. Int. Ed.},
 pages = {21571--21577},
 title = {{D}rug-{L}ike {P}roperties in {M}acrocycles {A}bove {MW} 1000: {B}ackbone {R}igidity {V}ersus {S}ide-{C}hain {L}ipophilicity},
 volume = {59},
 year = {2020}
}

@incollection{Ganney2020,
 author = {Ganney, Paul S. and Pisharody, Sandhya and Claridge, Edwin},
 booktitle = {Clinical Engineering},
 pages = {131--168},
 publisher = {Academic Press},
 title = {{C}hapter 9 - {S}oftware {E}ngineering},
 year = {2020}
}

@article{Gao1989,
 author = {Gao, J and Kuczera, K and Tidor, B and Karplus, M},
 journal = {Science.},
 pages = {1069--1072},
 title = {{H}idden {T}hermodynamics of {M}utant {P}roteins: {A} Molecular {D}ynamics {A}nalysis},
 volume = {244},
 year = {1989}
}

@article{Gao2018,
 author = {Gao, Ying-Duo
and Hu, Yuan
and Crespo, Alejandro
and Wang, Deping
and Armacost, Kira A.
and Fells, James I.
and Fradera, Xavier
and Wang, Hongwu
and Wang, Huijun
and Sherborne, Brad
and Verras, Andreas
and Peng, Zhengwei},
 journal = {J. Comput. Aided. Mol.},
 pages = {129--142},
 title = {{W}orkflows and {P}erformances in the {R}anking {P}rediction of 2016 {D}3R {G}rand {C}hallenge 2: {L}essons {L}earned {F}rom a {C}ollaborative {E}ffort},
 volume = {32},
 year = {2018}
}

@article{Gapsys2015,
 author = {Gapsys, Vytautas and Michielssens, Servaas and Seeliger, Daniel and de Groot, Bert L.},
 journal = {J. Comput. Chem.},
 pages = {348--354},
 title = {{P}mx: {A}utomated {P}rotein {S}tructure and {T}opology {G}eneration for {A}lchemical {P}erturbations},
 volume = {36},
 year = {2015}
}

@article{Gapsys2020,
 author = {Gapsys, Vytautas and P{\'e}rez-Benito, Laura and Aldeghi, Matteo and Seeliger, Daniel and van Vlijmen, Herman and Tresadern, Gary and de Groot, Bert L.},
 journal = {Chem. Sci.},
 pages = {1140--1152},
 title = {{L}arge {S}cale {R}elative {P}rotein {L}igand {B}inding {A}ffinities {U}sing {N}on-{E}quilibrium {A}lchemy},
 volume = {11},
 year = {2020}
}

@article{Gibbs1879,
 author = {Gibbs, Josiah Willard},
 journal = {Trans. Conn. Acad. Art. Sci.},
 pages = {108--248},
 title = {{O}n the {E}quilibrium of {H}eterogeneous {S}ubstances},
 volume = {3},
 year = {1879}
}

@book{Gillmor2017,
 author = {Gillmor, C Stewart},
 publisher = {Princeton University Press},
 title = {{C}oulomb and the {E}volution of {P}hysics and {E}ngineering in {E}ighteenth-{C}entury {F}rance},
 year = {2017}
}

@article{Giordanetto2014,
 author = { Giordanetto, F. and Kihlberg, J.},
 journal = {J. Med. Chem.},
 pages = {278},
 title = {{M}acrocyclic {D}rugs and {C}linical {C}andidates: {W}hat {C}an {M}edicinal {C}hemists {L}earn {F}rom {T}heir {P}roperties?},
 volume = {57},
 year = {2014}
}

@misc{Githhubaction20,
 author = {Github},
 title = {{G}ithub {A}ctions},
 url = {https://docs.github.com/en/actions/reference},
 year = {2007}
}

@misc{Github2020,
 author = {Github},
 title = {{G}it{H}ub},
 url = {https://github.com/},
 year = {2020}
}

@article{Glattli2002,
 author = {Gl{\"a}ttli, Alice  and Daura, Xavier  and van Gunsteren, Wilfred F. },
 journal = {J. Chem. Phys.},
 pages = {9811--9828},
 title = {{D}erivation of an {I}mproved {S}imple {P}oint {C}harge {M}odel for {L}iquid {W}ater: {S}pc/{A} and {S}pc/{L}},
 volume = {116},
 year = {2002}
}

@book{Goethe1825,
 author = {Goethe, Johann Wolfgang},
 publisher = {Cotta},
 title = {{F}aust: {E}ine {T}ragoedie},
 year = {1825}
}

@book{Gosling2000,
 author = {Gosling, James and Joy, Bill and Steele, Guy and Bracha, Gilad},
 publisher = {Addison-Wesley Professional},
 title = {{T}he {J}ava {L}anguage {S}pecification},
 year = {2000}
}

@article{Graf2016,
 author = {Graf, Michael M. H. and Maurer, Manuela and Oostenbrink, Chris},
 journal = {J. Comp. Chem.},
 pages = {2597--2605},
 title = {{F}ree-{E}nergy {C}alculations of {R}esidue {M}utations in a {T}ripeptide {U}sing {V}arious {M}ethods to {O}vercome {I}nefficient {S}ampling},
 volume = {37},
 year = {2016}
}

@article{Gunsteren1988,
 author = { Van Gunsteren, W. F. and Berendsen, H. J. C.},
 journal = {Mol. Simul.},
 pages = {173},
 title = {{A} Leap-{F}rog {A}lgorithm for {S}tochastic {D}ynamics},
 volume = {1},
 year = {1988}
}

@article{Gunsteren1990,
 author = {van Gunsteren, Wilfred F. and Berendsen, Herman J. C.},
 journal = {Angew. Chem. Int. Ed.},
 pages = {992--1023},
 title = {{C}omputer {S}imulation of {M}olecular {D}ynamics: {M}ethodology, {A}pplications, and {P}erspectives in {C}hemistry},
 volume = {29},
 year = {1990}
}

@article{Gunsteren1996,
 author = {van Gunsteren, Wilfred F and Billeter, SR and Eising, AA and H{\"u}nenberger, PH and Kr{\"u}ger, PKHC and Mark, AE and Scott, WRP and Tironi, IG},
 journal = {Vdf. Hochschulverlag. AG. ETH. Z{\"u}rich. Z{\"u}rich.},
 pages = {1--1044},
 title = {{B}iomolecular {S}imulation: {T}he {G}RO{M}OS96 {M}anual and {U}ser {G}uide},
 volume = {86},
 year = {1996}
}

@article{Gunsteren2008,
 author = {van Gunsteren, Wilfred F. and Dolenc, J{\u o}zica and Mark, Alan E},
 journal = {Curr. Opin. Struct. Biol.},
 pages = {149--153},
 title = {{M}olecular {S}imulation as an {A}id to {E}xperimentalists},
 volume = {18},
 year = {2008}
}

@article{Guthrie2009,
 author = {Guthrie, J Peter},
 journal = {J. Phys. Chem. B.},
 pages = {4501--4507},
 title = {{A} Blind {C}hallenge for {C}omputational {S}olvation {F}ree {E}nergies: {I}ntroduction and {O}verview},
 volume = {113},
 year = {2009}
}

@article{Guthrie2014,
 author = {Guthrie, J Peter},
 journal = {J. Comput. Aided.},
 pages = {151--168},
 title = {S{A}MP{L}4, a {B}lind {C}hallenge for {C}omputational {S}olvation {F}ree {E}nergies: {T}he {C}ompounds {C}onsidered},
 volume = {28},
 year = {2014}
}

@article{Hahn2019,
 author = {Hahn, David F and H{\"u}nenberger, Philippe H},
 journal = {J. Chem. Theory. Comput.},
 pages = {2392--2419},
 title = {{A}lchemical {F}ree-{E}nergy {C}alculations by {M}ultiple-{R}eplica -{D}ynamics: {T}he {C}onveyor {B}elt {T}hermodynamic {I}ntegration {S}cheme},
 volume = {15},
 year = {2019}
}

@article{Hahn2020,
 author = {Hahn, David F. and K{\"o}nig, Gerhard and H{\"u}nenberger, Philippe H.},
 journal = {J. Chem. Theory. Comput.},
 pages = {1630--1645},
 title = {{O}vercoming {O}rthogonal {B}arriers in {A}lchemical {F}ree {E}nergy {C}alculations: {O}n the {R}elative {M}erits of ${\L}ambda$-{V}ariations, ${\L}ambda$-{E}xtrapolations, and {B}iasing},
 volume = {16},
 year = {2020}
}

@article{Hansen2012,
 author = {Hansen, N. and Dolenc, J. and Knecht, M. and Riniker, S. and van Gunsteren, W. F.},
 journal = {J. Comput. Chem.},
 pages = {640--651},
 title = {{A}ssessment of {E}nveloping {D}istribution {S}ampling to {C}alculate {R}elative {F}ree {E}nthalpies of {B}inding for {E}ight {N}etropsin-{D}na {D}uplex {C}omplexes in {A}queous {S}olution},
 volume = {33},
 year = {2012}
}

@article{Hansen2014,
 author = {Hansen, Niels and van Gunsteren, Wilfred F.},
 journal = {J. Chem. Theory. Comput.},
 pages = {2632--2647},
 title = {{P}ractical {A}spects of {F}ree-{E}nergy {C}alculations: {A} Review},
 volume = {10},
 year = {2014}
}

@article{Hansmann1997,
 author = {Hansmann, Ulrich H E},
 journal = {Chem. Phys. Lett.},
 pages = {140--150},
 title = {{P}arallel {T}empering {A}lgorithm for {C}onformational {S}tudies of {B}iological {M}olecules},
 volume = {281},
 year = {1997}
}

@article{Hastings1970,
 author = {Hastings, W. K.},
 journal = {Biometrika.},
 pages = {97--109},
 title = {{M}onte {C}arlo {S}ampling {M}ethods {U}sing {M}arkov {C}hains and {T}heir {A}pplications},
 volume = {57},
 year = {1970}
}

@article{Hawkins2010,
 author = { Hawkins, P. C. D. and Skillman, A. G. and Warren, G. L. and Ellingson, B. A. and Stahl, M. T.},
 journal = {J. Chem. Inf. Model.},
 pages = {572},
 title = {{C}onformer {G}eneration {W}ith {O}ME{G}A: {A}lgorithm and {V}alidation {U}sing {H}igh {Q}uality {S}tructures {F}rom the {P}rotein {D}atabank and {C}ambridge {S}tructural {D}atabase},
 volume = {50},
 year = {2010}
}

@article{Hawkins2012,
 author = { Hawkins, P. C. D. and Nicholls, A.},
 journal = {J. Chem. Inf. Model.},
 pages = {2919},
 title = {{C}onformer {G}eneration {W}ith {O}ME{G}A: {L}earning {F}rom the {D}ata {S}et and the {A}nalysis of {F}ailures},
 volume = {52},
 year = {2012}
}

@article{Heinz2001,
 author = { Heinz, T. N. and Van Gunsteren, W. F. and H{\"u}nenberger, P. H.},
 journal = {J. Chem. Phys.},
 pages = {1125},
 title = {{C}omparison of {F}our {M}ethods to {C}ompute the {D}ielectric {P}ermittivity of {L}iquids {F}rom {M}olecular {D}ynamics {S}imulations},
 volume = {115},
 year = {2001}
}

@article{Heinzelmann2021,
 author = {Heinzelmann, G. and Gilson, M.K.},
 journal = {Sci. Rep.},
 pages = {1116},
 title = {{A}utomation of {A}bsolute {P}rotein-{L}igand {B}inding {F}ree {E}nergy {C}alculations for {D}ocking {R}efinement and {C}ompound {E}valuation},
 volume = {11},
 year = {2021}
}

@book{Helmholtz1882,
 author = {von Helmholtz, Hermann},
 publisher = {Sitz. K. Akad. Wiss. Berlin},
 title = {{D}ie {T}hermodynamik {C}hemischer {V}org{\"A}nge},
 year = {1882}
}

@article{Henine2004,
 author = {H{\'e}nin, J.  and Chipot, Christophe },
 journal = {J. Chem. Phys.},
 pages = {2904--2914},
 title = {{O}vercoming {F}ree {E}nergy {B}arriers {U}sing {U}nconstrained {M}olecular {D}ynamics {S}imulations},
 volume = {121},
 year = {2004}
}

@article{Henning2009,
 author = {Henning, Michi},
 journal = {Commun. ACM.},
 pages = {46--56},
 title = {A{P}I {D}esign {M}atters},
 volume = {52},
 year = {2009}
}

@article{Hess1997,
 author = {Hess, Berk and Bekker, Henk and Berendsen, Herman J. C. and Fraaije, Johannes G. E. M.},
 journal = {J. Comput. Chem.},
 pages = {1463--1472},
 title = {L{I}NC{S}: {A} Linear {C}onstraint {S}olver for {M}olecular {S}imulations},
 volume = {18},
 year = {1997}
}

@article{Hestenes1952,
 author = {Hestenes, Magnus R and Stiefel, Eduard},
 journal = {J. Re. Natl. Bur. Stand.},
 pages = {409--436},
 title = {{M}ethods of {C}onjugate {G}radients for {S}olving {L}inear {S}ystems},
 volume = {49},
 year = {1952}
}

@article{Hewitt2015,
 author = {Hewitt, William M. and Leung, Siegfried S. F. and Pye, Cameron R. and Ponkey, Alexandra R. and Bednarek, Maria and Jacobson, Matthew P. and Lokey, R. Scott},
 journal = {J. Am. Chem. Soc.},
 pages = {715--721},
 title = {{C}ell-{P}ermeable {C}yclic {P}eptides {F}rom {S}ynthetic {L}ibraries {I}nspired by {N}atural {P}roducts},
 volume = {137},
 year = {2015}
}

@misc{Hf52020,
 author = {hdfgroup},
 month = {09},
 note = {An optional note},
 title = {H{D}F5 {V}ersion 1.10.7 {R}eleased on 2020-09-16},
 year = {2020}
}

@article{Hoang2021,
 author = {Hoang, Huy N. and Hill, Timothy A. and Fairlie, David P.},
 journal = {Angew. Chem. Int. Ed.},
 pages = {8385--8390},
 title = {{C}onnecting {H}ydrophobic {S}urfaces in {C}yclic {P}eptides {I}ncreases {M}embrane {P}ermeability},
 volume = {60},
 year = {2021}
}

@book{Hockney1970,
 author = {Hockney, R. W.},
 publisher = {Methods Comput. Phys.},
 title = {{T}he {P}otential {C}alculation and {S}ome {A}pplications},
 year = {1970}
}

@article{Hollingsworth2018,
 author = {Hollingsworth, Scott A. and Dror, Ron O.},
 journal = {Neuron.},
 pages = {1129--1143},
 title = {{M}olecular {D}ynamics {S}imulation for {A}ll},
 volume = {99},
 year = {2018}
}

@article{Homeyer2013,
 author = {Homeyer, Nadine and Gohlke, Holger},
 journal = {J. Comput. Chem.},
 pages = {965--973},
 title = {F{E}W: {A} Workflow {T}ool for {F}ree {E}nergy {C}alculations of {L}igand {B}inding},
 volume = {34},
 year = {2013}
}

@article{Hong2020,
 author = {Hong, Fan and Schreck, John S. and {\v S}ulc, Petr},
 journal = {Nucleic. Acid. Re.},
 pages = {10726--10738},
 title = {{U}nderstanding {DNA} {I}nteractions in {C}rowded {E}nvironments {W}ith a {C}oarse-{G}rained {M}odel},
 volume = {48},
 year = {2020}
}

@article{Hoover1985,
 author = {Hoover, William G.},
 journal = {Phys. Rev. A.},
 pages = {1695--1697},
 title = {{C}anonical {D}ynamics: {E}quilibrium {P}hase-{S}pace {D}istributions},
 volume = {31},
 year = {1985}
}

@article{Hoveyda2011,
 author = { Hoveyda, H. R. and Marsault, E. and Gagnon, R. and Mathieu, A. P. and V{\'e}zina, M. and Landry, A. and Wang, Z. and Benakli, K. and Beaubien, S. and Saint-Louis, C. and Brassard, M. and Pinault, J. F. and Ouellet, L. and Bhat, S. and Ramaseshan, M. and Peng, X. and Foucher, L. and Beauchemin, S. and Bh{\'e}rer, P. and Veber, D. F. and Peterson, M. L. and Fraser, G. L.},
 journal = {J. Med. Chem.},
 pages = {8305},
 title = {{O}ptimization of the {P}otency and {P}harmacokinetic {P}roperties of a {M}acrocyclic {G}hrelin {R}eceptor {A}gonist ({P}art {I}): {D}evelopment of {U}limorelin ({T}zp-101) {F}rom {H}it to {C}linic},
 volume = {54},
 year = {2011}
}

@article{Huang2012,
 author = {Huang, Xiaohua and Cheng, Cliff C and Fischmann, Thierry O and Duca, Jos{\'e} S and Yang, Xianshu and Richards, Matthew and Shipps, Gerald W},
 journal = {AC. Med. Chem. Lett.},
 pages = {123--128},
 title = {{D}iscovery of a {N}ovel {S}eries of {C}HK1 {K}inase {I}nhibitors {W}ith a {D}istinctive {H}inge {B}inding {M}ode},
 volume = {3},
 year = {2012}
}

@article{Huber1994,
 author = {Huber, Thomas and Torda, Andrew E. and van Gunsteren, Wilfred F.},
 journal = {J. Comput. Aided. Mol.},
 pages = {695--708},
 title = {{L}ocal {E}levation: {A} Method for {I}mproving the {S}earching {P}roperties of {M}olecular {D}ynamics {S}imulation},
 volume = {8},
 year = {1994}
}

@article{Hunter2007,
 author = {Hunter, John D.},
 journal = {Comput. Sci. Eng.},
 pages = {99--104},
 title = {{M}atplotlib: {A} 2{D} Graphics {E}nvironment},
 volume = {9},
 year = {2007}
}

@article{Hyeon2011,
 author = {Hyeon, Changbong
and Thirumalai, D.},
 journal = {Nat. Commun.},
 pages = {487},
 title = {{C}apturing the {E}ssence of {F}olding and {F}unctions of {B}iomolecules {U}sing {C}oarse-{G}rained {M}odels},
 volume = {2},
 year = {2011}
}

@article{Iozzi2009,
 author = {Iozzi, Maria Francesca  and  Helgaker, Trygve and  Uggerud, Einar },
 journal = {Mol. Phys.},
 pages = {2537--2546},
 title = {{A}ssessment of {T}heoretical {M}ethods for the {D}etermination of the {M}echanochemical {S}trength of {C}ovalent {B}onds},
 volume = {107},
 year = {2009}
}

@article{Irrgang2018,
 author = {Irrgang, M Eric and Hays, Jennifer M and Kasson, Peter M},
 journal = {Bioinformatics.},
 pages = {3945--3947},
 title = {{G}mxapi: {A} High-{L}evel {I}nterface for {A}dvanced {C}ontrol and {E}xtension of {M}olecular {D}ynamics {S}imulations},
 volume = {34},
 year = {2018}
}

@book{Jacobsen2007,
 author = {Jacobsen, Neil E.},
 publisher = {John Wiley \& Sons},
 title = {N{M}R {S}pectroscopy {E}xplained: {S}implified {T}heory, {A}pplications and {E}xamples for {O}rganic {C}hemistry and {S}tructural {B}iology},
 year = {2007}
}

@article{Janin2008,
 author = { Janin, J. and Bahadur, R. P. and Chakrabarti, P.},
 journal = {Q. Rev. Biophys.},
 pages = {133},
 title = {{P}rotein-{P}rotein {I}nteraction and {Q}uaternary {S}tructure},
 volume = {41},
 year = {2008}
}

@article{Jarzynski1997,
 author = {Jarzynski, C.},
 journal = {Phys. Rev. Lett.},
 pages = {2690--2693},
 title = {{N}onequilibrium {E}quality for {F}ree {E}nergy {D}ifferences},
 volume = {78},
 year = {1997}
}

@misc{Jcconduct2021,
 author = {BioMed Central},
 howpublished = {http://biomedcentral.com/getpublished/editorial-policies},
 note = {Accessed: 2021-12-07},
 title = {{E}ditorial {P}olicies},
 year = {2021}
}

@article{Jespers2019,
 author = {Jespers, Willem and Esguerra, Mauricio and {\AA}qvist, Johan and Guti{\'e}rrez-De-Ter{\'a}n, Hugo},
 journal = {J. Cheminf.},
 pages = {26},
 title = {{Q}lig{F}EP: {A}n {A}utomated {W}orkflow for {S}mall {M}olecule {F}ree {E}nergy {C}alculations in {Q}},
 volume = {11},
 year = {2019}
}

@article{Jespers2019B,
 author = {Jespers, Willem and Isaksen, Geir V. and Andberg, Tor A.H. and Vasile, Silvana and van Veen, Amber and Aqvist, Johan and Brandsdal, Bjorn Olav and Guti{\'e}rrez-de-Ter\ {\'n}, Hugo},
 journal = {J. Chem. Theory. Comput.},
 pages = {5461--5473},
 title = {{Q}res{F}EP: {A}n {A}utomated {P}rotocol for {F}ree {E}nergy {C}alculations of {P}rotein {M}utations in {Q}},
 volume = {15},
 year = {2019}
}

@article{Jiang2019,
 author = {Wei, Jiang and Chipot, Christophe and Roux, Beno{\^\i}t},
 journal = {J. Chem. Inf. Model.},
 pages = {3794--3802},
 title = {{C}omputing {R}elative {B}inding {A}ffinity of {L}igands to {R}eceptor: {A}n {E}ffective {H}ybrid {S}ingle-{D}ual-{T}opology {F}ree-{E}nergy {P}erturbation {A}pproach in {N}AM{D}},
 volume = {59},
 year = {2019}
}

@manual{Johansson2013,
 author = {Fredrik Johansson et al},
 key = {mpmath},
 month = {December},
 note = {\ tt http://mpmath.org/},
 title = {{M}pmath: {A} Python {L}ibrary for {A}rbitrary-{P}recision {F}loating-{P}oint {A}rithmetic ({V}ersion 0.18)},
 year = {2013}
}

@article{Jones13,
 author = {Jones, S and Thornton, J M},
 journal = {Proc. National. Acad. Sci.},
 pages = {13--20},
 title = {{P}rinciples of {P}rotein-{P}rotein {I}nteractions},
 volume = {93},
 year = {1996}
}

@article{Jones1924,
 author = {Jones, J. E.},
 journal = {Proc. R. Soc. Lond.},
 pages = {441--462},
 title = {{O}n the {D}etermination of {M}olecular {F}ields. {I}. {F}rom the {V}ariation of the {V}iscosity of a {G}as {W}ith {T}emperature},
 volume = {106},
 year = {1924}
}

@article{Jorgensen1983,
 author = {Jorgensen, William L.  and Chandrasekhar, Jayaraman  and Madura, Jeffry D.  and Impey, Roger W.  and Klein, Michael L. },
 journal = {J. Chem. Phys.},
 pages = {926--935},
 title = {{C}omparison of {S}imple {P}otential {F}unctions for {S}imulating {L}iquid {W}ater},
 volume = {79},
 year = {1983}
}

@article{Jorgensen1985,
 author = {Jorgensen, William L.  and Ravimohan, C. },
 journal = {J. Chem. Phys.},
 pages = {3050--3054},
 title = {{M}onte {C}arlo {S}imulation of {D}ifferences in {F}ree {E}nergies of {H}ydration},
 volume = {83},
 year = {1985}
}

@article{Jorgensen1988,
 author = {Jorgensen, William L. and Tirado-Rives, Julian},
 journal = {J. Am. Chem. Soc.},
 pages = {1657--1666},
 title = {{T}he {OPLS} [{O}ptimized {P}otentials for {L}iquid {S}imulations] {P}otential {F}unctions for {P}roteins, {E}nergy {M}inimizations for {C}rystals of {C}yclic {P}eptides and {C}rambin},
 volume = {110},
 year = {1988}
}

@article{Jorgensen1988B,
 author = {Jorgensen,William L.  and Buckner,J. Kathleen  and Boudon,Stephane  and Tirado‐Rives,Julian },
 journal = {J. Chem. Phys.},
 pages = {3742--3746},
 title = {{E}fficient {C}omputation of {A}bsolute {F}ree {E}nergies of {B}inding by {C}omputer {S}imulations. {A}pplication to the {M}ethane {D}imer in {W}ater},
 volume = {89},
 year = {1988}
}

@article{Jorgensen1996,
 author = {Jorgensen, William L. and Maxwell, David S. and Tirado-Rives, Julian},
 journal = {J. Am. Chem. Soc.},
 pages = {11225--11236},
 title = {{D}evelopment and {T}esting of the {O}PL{S} All-{A}tom {F}orce {F}ield on {C}onformational {E}nergetics and {P}roperties of {O}rganic {L}iquids},
 volume = {118},
 year = {1996}
}

@article{Jorgensen2005,
 author = {Jorgensen, William L. and Tirado-Rives, Julian},
 journal = {Proc. Natl. Acad. Sci. USA.},
 pages = {6665--6670},
 title = {{P}otential {E}nergy {F}unctions for {A}tomic-{L}evel {S}imulations of {W}ater and {O}rganic and {B}iomolecular {S}ystems},
 volume = {102},
 year = {2005}
}

@article{Karplus2002,
 author = {Karplus, Martin and McCammon, J Andrew},
 journal = {Nat. Struct. Biology.},
 pages = {646--652},
 title = {{M}olecular {D}ynamics {S}imulations of {B}iomolecules},
 volume = {9},
 year = {2002}
}

@article{Katzgraber2006,
 author = {Katzgraber, Helmut G and Trebst, Simon and Huse, David A and Troyer, Matthias},
 journal = {J. Stat. Mech.},
 pages = {P03018--P03018},
 title = {{F}eedback-{O}ptimized {P}arallel {T}empering {M}onte {C}arlo},
 volume = {2006},
 year = {2006}
}

@article{Kawai2016,
 author = {Kawai, Shigeki
and Foster, Adam S.
and Bj{\"o}rkman, Torbj{\"o}rn
and Nowakowska, Sylwia
and Bj{\"o}rk, Jonas
and Canova, Filippo Federici
and Gade, Lutz H.
and Jung, Thomas A.
and Meyer, Ernst},
 journal = {Nat. Comm.},
 pages = {11559},
 title = {{V}an {D}er {W}aals {I}nteractions and the {L}imits of {I}solated {A}tom {M}odels at {I}nterfaces},
 volume = {7},
 year = {2016}
}

@inproceedings{Kay1993,
 author = {Kay, Alan C.},
 booktitle = {The Second ACM SIGPLAN Conference on History of Programming Languages},
 pages = {69--95},
 publisher = {Association for Computing Machinery},
 title = {{T}he {E}arly {H}istory of {S}malltalk},
 year = {1993}
}

@article{Kazemi2015,
 author = {Kazemi, Masoud
and {\AA}qvist, Johan},
 journal = {Nat. Commun.},
 pages = {7293},
 title = {{C}hemical {R}eaction {M}echanisms in {S}olution {F}rom {B}rute {F}orce {C}omputational {A}rrhenius {P}lots},
 volume = {6},
 year = {2015}
}

@article{Keller2010,
 author = { Keller, B. and Daura, X. and Van Gunsteren, W. F.},
 journal = {J. Chem. Phys.},
 pages = {074110},
 title = {{C}omparing {G}eometric and {K}inetic {C}luster {A}lgorithms for {M}olecular {S}imulation {D}ata},
 volume = {132},
 year = {2010}
}

@article{Kendrew1958,
 author = {Kendrew, John C. and Bodo, G. and Dintzis, Howard M. and Parrish, R. G. and Wyckoff, Harold and Phillips, David C.},
 journal = {Nature.},
 pages = {662--666},
 title = {{A} Three-{D}imensional {M}odel of the {M}yoglobin {M}olecule {O}btained by {X}-Ray {A}nalysis},
 volume = {181},
 year = {1958}
}

@book{Kernighan2006,
 author = {Kernighan, Brian W and Ritchie, Dennis M},
 publisher = {Prentice-Hall},
 title = {{T}he {C} Programming {L}anguage},
 year = {1988}
}

@article{Kirkwood1935,
 author = {Kirkwood, John G},
 journal = {J. Chem. Phys.},
 pages = {300--313},
 title = {{S}tatistical {M}echanics of {F}luid {M}ixtures},
 volume = {3},
 year = {1935}
}

@article{Kluyver2016,
 author = {Kluyver, Thomas and Ragan-kelley, Benjamin and P{\'e}rez, Fernando and Granger, Brian and Bussonnier, Matthias and Frederic, Jonathan and Kelley, Kyle and Hamrick, Jessica and Grout, Jason and Corlay, Sylvain and Ivanov, Paul and Avila, Dami{\'a}n and Abdalla, Safia and Willing, Carol and Development Team, Jupyter},
 journal = {Elpub.},
 pages = {87--90},
 title = {{J}upyter {N}otebooks -- {A} Publishing {F}ormat for {R}eproducible {C}omputational {W}orkflows},
 volume = {-},
 year = {2016}
}

@article{Knight2011,
 author = {Knight, J. L. and Brooks III, C. L. },
 journal = {J. Chem. Theory. Comput.},
 pages = {2728--2739},
 title = {{M}ultisite $\Lambda$ {D}ynamics for {S}imulated {S}tructure--{A}ctivity {R}elationship {S}tudies},
 volume = {7},
 year = {2011}
}

@article{Koenig2020,
 author = {K{\"o}nig, Gerhard and Glaser, Nina and Schroeder, Benjamin and Kubincov{\'a}, Al{\v z}beta and H\ n\"enberger, Philippe H. and Riniker, Sereina},
 journal = {J. Chem. Inf. Model.},
 pages = {5407--5423},
 title = {{A}n {A}lternative to {C}onventional \{L}ambda -{I}ntermediate {S}tates in {A}lchemical {F}ree {E}nergy {C}alculations: \{L}ambda -{E}nveloping {D}istribution {S}ampling},
 volume = {60},
 year = {2020}
}

@article{Koenig2021,
 author = {K{\"o}nig, Gerhard and Ries, Benjamin and H\ n\"enberger, Philippe H. and Riniker, Sereina},
 journal = {J. Chem. Theory. Comput.},
 pages = {5805--5815},
 title = {{E}fficient {A}lchemical {I}ntermediate {S}tates in {F}ree {E}nergy {C}alculations {U}sing \{L}ambda -{E}nveloping {D}istribution {S}ampling},
 volume = {17},
 year = {2021}
}

@article{Kollman1993,
 author = {Kollman, Peter},
 journal = {Chem. Rev.},
 pages = {2395--2417},
 title = {{F}ree {E}nergy {C}alculations: {A}pplications to {C}hemical and {B}iochemical {P}henomena},
 volume = {93},
 year = {1993}
}

@article{Konig2012,
 author = {K{\"o}nig, Gerhard and Boresch, Stefan},
 journal = {J. Comput. Chem.},
 pages = {1082--1090},
 title = {{N}on-{B}oltzmann {S}ampling and {B}ennett'  {S} Acceptance {R}atio {M}ethod: {H}ow to {P}rofit {F}rom {B}ending the {R}ules},
 volume = {32},
 year = {2012}
}

@article{Konig2018,
 author = {K{\"o}nig, Gerhard and Brooks, Bernard R. and Thiel, Walter and York, Darrin M.},
 journal = {Mol. Sim.},
 pages = {1062--1081},
 title = {{O}n the {C}onvergence of {M}ulti-{S}cale {F}ree {E}nergy {S}imulations},
 volume = {44},
 year = {2018}
}

@article{Konig2021,
 author = {K{\"o}nig, Gerhard and Ries, Benjamin and H\ n\"enberger, Philippe H and Riniker, Sereina},
 journal = {J. Chem. Theory. Comput.},
 pages = {5805--5815},
 title = {{E}fficient {A}lchemical {I}ntermediate {S}tates in {F}ree {E}nergy {C}alculations {U}sing $\Lambda$-{E}nveloping {D}istribution {S}ampling},
 volume = {17},
 year = {2021}
}

@incollection{Koranne2011,
 author = {Koranne, Sandeep},
 booktitle = {Handbook of open source tools},
 pages = {127--143},
 publisher = {Springer},
 title = {{B}oost {C}++ {L}ibraries},
 year = {2011}
}

@article{Kotz1998,
 author = { Kotz, S. and Johnson, N. L.},
 journal = {Technometrics.},
 pages = {165},
 title = {{B}reakthroughs in {S}tatistics, {V}olume {I}II},
 volume = {40},
 year = {1998}
}

@misc{Krekel2004,
 author = {Krekel, Holger and Oliveira, Bruno and Pfannschmidt, Ronny and Bruynooghe, Floris and Laugher, Brianna and Bruhin, Florian and Al, Et},
 title = {{P}ytest: {H}elps {Y}ou {W}rite {B}etter {P}rograms},
 year = {2004}
}

@article{Kruskal1956,
 author = {Kruskal, Joseph B.},
 journal = {Proc. Amer. Math. Soc.},
 pages = {48--48},
 title = {{O}n the {S}hortest {S}panning {S}ubtree of a {G}raph and the {T}raveling {S}alesman {P}roblem},
 volume = {7},
 year = {1956}
}

@article{Kuhlbrandt2014,
 author = {Werner K{\"u}hlbrandt },
 journal = {Science.},
 pages = {1443--1444},
 title = {{T}he {R}esolution {R}evolution},
 volume = {343},
 year = {2014}
}

@book{Ladd1977,
 author = {Ladd, Marcus Frederick Charles and Palmer, Rex Alfred and Palmer, Rex Alfred},
 publisher = {Springer},
 title = {{S}tructure {D}etermination by {X}-Ray {C}rystallography},
 year = {1977}
}

@article{Laio2002,
 author = {Laio, Alessandro and Parrinello, Michele},
 journal = {Proceed. Natl. Acad. Sci. USA.},
 pages = {12562--12566},
 title = {{E}scaping {F}ree-{E}nergy {M}inima},
 volume = {20},
 year = {2002}
}

@inproceedings{Lam2015,
 author = {Lam, Siu Kwan and Pitrou, Antoine and Seibert, Stanley},
 booktitle = {Proceedings of the Second Workshop on the LLVM Compiler Infrastructure in HPC},
 pages = {1-6},
 publisher = {Association for Computing Machinery},
 title = {{N}umba: {A} L{l}vm-{B}ased {P}ython {J}IT {C}ompiler},
 year = {2015}
}

@misc{Landrum2021,
 author = {G. Landrum and P. Tosco and B. Kelley and S. Riniker and Ric and gedeck and R. Vianello and N. Schneider and A. Dalke and Dan N and B. Cole and M. Swain and S. Turk and D. Cosgrove and A. Savelyev and A. Vaucher and M. W{\'o}jcikowski and G. Jones and D. Probst and V. F. Scalfani and G. Godin and A. Pahl and F. Berenger and J. L. Varjo and strets123 and JP and DoliathGavid and G. Sforna and J. Holst Jensen},
 month = {Mar},
 publisher = {Zenodo},
 title = {Rdkit/Rdkit: 2020\_09\_5 ({Q}3 2020) {R}elease},
 year = {2021}
}

@inproceedings{Lattner2008,
 author = {Lattner, Chris},
 booktitle = {The BSD conference},
 pages = {1-33},
 title = {L{L}VM and {C}lang: {N}ext {G}eneration {C}ompiler {T}echnology},
 year = {2008}
}

@book{Leach2001,
 author = {Leach, Andrew R.},
 publisher = {Pearson Education Limited},
 title = {{M}olecular {M}odelling -- {P}rinciples and {A}pplications},
 year = {2001}
}

@article{Lee2014,
 author = {Lee, Juyong and Miller, Benjamin T and Damjanovi{\' c}, Ana and Brooks, Bernard R},
 journal = {J. Chem. Theory. Comput.},
 pages = {2738--2750},
 title = {{C}onstant P{H} Molecular {D}ynamics in {E}xplicit {S}olvent {W}ith {E}nveloping {D}istribution {S}ampling and {H}amiltonian {E}xchange},
 volume = {10},
 year = {2014}
}

@article{Lee2015,
 author = {Lee, Juyong and Miller, Benjamin T and Damjanovi{\' c}, Ana and Brooks, Bernard R},
 journal = {J. Chem. Theory. Comput.},
 pages = {2560--2574},
 title = {{E}nhancing {C}onstant-P{H} Simulation in {E}xplicit {S}olvent {W}ith a {T}wo-{D}imensional {R}eplica {E}xchange {M}ethod},
 volume = {11},
 year = {2015}
}

@misc{Lehner2021,
 author = {Lehner, Marc Thierry and Ries, Benjamin  and Rieder, Salom{\'e}  and Riniker, Sereina},
 doi = {10.5281/zenodo.4621710},
 month = {Mar},
 publisher = {Zenodo},
 title = {{R}inikerlab/{P}yGromos{T}ools: {P}yGromos{T}ools\_{V}2 ({V}2.0)},
 year = {2021}
}

@inbook{Leimkuhler1996,
 author = {Leimkuhler, Benedict J.
and Reich, Sebastian
and Skeel, Robert D.},
 booktitle = {Mathematical Approaches to Biomolecular Structure and Dynamics},
 chapter = {10},
 pages = {161--185},
 publisher = {Springer New York},
 title = {{I}ntegration {M}ethods for {M}olecular {D}ynamics},
 year = {1996}
}

@article{Leino2002,
 author = {Leino, K. Rustan M. and Nelson, Greg},
 journal = {ACM. Trans. Program. Lang. Syst.},
 pages = {491----553},
 title = {{D}ata {A}bstraction and {I}nformation {H}iding},
 volume = {24},
 year = {2002}
}

@article{Lemke2018,
 author = {Lemke, Oliver and Keller, Bettina G.},
 journal = {Algorithms.},
 pages = {19},
 title = {{C}ommon {N}earest {N}eighbor {C}lustering -- {A} Benchmark},
 volume = {11},
 year = {2018}
}

@article{Levitt1969,
 author = {Michael Levitt and Shneior Lifson},
 journal = {J. Mol. Biol.},
 pages = {269--279},
 title = {{R}efinement of {P}rotein {C}onformations {U}sing a {M}acromolecular {E}nergy {M}inimization {P}rocedure},
 volume = {46},
 year = {1969}
}

@article{Li2008,
 author = {Li, Xueqiang and Wang, Mei and Zhang, Suping and Pan, Jingxi and Na, Yong and Liu, Jianhui and {\AA}kermark, Bj{\"o}rn and Sun, Licheng},
 journal = {J. Chem. Phys.},
 pages = {8198--8202},
 title = {{N}oncovalent {A}ssembly of a {M}etalloporphyrin and an {I}ron {H}ydrogenase {A}ctive-{S}ite {M}odel: {P}hoto-{I}nduced {E}lectron {T}ransfer and {H}ydrogen {G}eneration},
 volume = {112},
 year = {2008}
}

@article{Lier2020,
 author = {Lier, Bettina and {\"O}hlknecht, Christoph and de Ruiter, Anita and Gebhardt, Julia and van Gunsteren, Wilfred F. and Oostenbrink, Chris and Hansen, Niels},
 journal = {Living. J. Comp. Mol. Sci.},
 pages = {18552},
 title = {{A} Suite of {A}dvanced {T}utorials for the {G}RO{M}OS {B}iomolecular {S}imulation {S}oftware [{A}rticle {V}1.0]},
 volume = {2},
 year = {2020}
}

@article{Lindahl2001,
 author = {Lindahl, Erik and Hess, Berk and van der Spoel, David},
 journal = {J. Mol. Model.},
 pages = {306--317},
 title = {G{R}OM{A}CS 3.0: {A} Package for {M}olecular {S}imulation and {T}rajectory {A}nalysis},
 volume = {7},
 year = {2001}
}

@article{Lindorfflarsen2010,
 author = {Lindorff-Larsen, K. and Piana, S. and Palmo, K. and Maragakis, P. and Klepeis, J.L. and Dror, R.O. and Shaw, D.E.},
 journal = {J. Am. Chem. Soc.},
 pages = {1950--1958},
 title = {{I}mproved {S}ide-{C}hain {T}orsion {P}otentials for the {A}mber {F}f99{S}B {P}rotein {F}orce {F}ield. {P}roteins},
 volume = {78},
 year = {2010}
}

@article{Linker2021,
 author = {Linker, Stephanie M. and Wang, Shuzhe and Ries, Benjamin and Stadelmann, Thomas and Riniker, Sereina},
 journal = {CHIM. Int. J. Chem.},
 pages = {518--521},
 title = {{P}assing the {B}arrier {H}ow {C}omputer {S}imulations {C}an {H}elp to {U}nderstand and {I}mprove the {P}assive {M}embrane {P}ermeability of {C}yclic {P}eptides},
 volume = {75},
 year = {2021}
}

@article{Lipinski2001,
 author = {Lipinski, Christopher A.  and Lombardo, Franco and Dominy, Beryl W and Feeney, Paul J},
 journal = {Adv. Drug. Deliv. Rev.},
 pages = {3--26},
 title = {{E}xperimental and {C}omputational {A}pproaches to {E}stimate {S}olubility and {P}ermeability in {D}rug {D}iscovery and {D}evelopment {S}ettings},
 volume = {46},
 year = {2001}
}

@article{Liu2013,
 author = {Liu, S. and Wu, Y. and Lin, T. and Abel, R. and Redmann, J. P. and Summa, C. M. and Jaber, V. R. and Lim, N. M. and Mobley, D. L.},
 journal = {J. Comput. Aided. Mol.},
 pages = {755--770},
 title = {{L}ead {O}ptimization {M}apper: {A}utomating {F}ree {E}nergy {C}alculations for {L}ead {O}ptimization},
 volume = {27},
 year = {2013}
}

@article{Liu2015,
 author = {Liu, Shuai and Wang, Lingle and Mobley, David L.},
 journal = {J. Chem. Inf. Model.},
 pages = {727--735},
 title = {{I}s {R}ing {B}reaking {F}easible in {R}elative {B}inding {F}ree {E}nergy {C}alculations?},
 volume = {55},
 year = {2015}
}

@article{Loeffler2015,
 author = {Loeffler, Hannes H. and Michel, Julien and Woods, Christopher},
 journal = {J. Chem. Inf. Model.},
 pages = {2485--2490},
 title = {F{E}Setup: {A}utomating {S}etup for {A}lchemical {F}ree {E}nergy {S}imulations},
 volume = {55},
 year = {2015}
}

@article{Loeffler2018,
 author = {Loeffler, Hannes H. and Bosisio, Stefano and Duarte Ramos Matos, Guilherme and Suh, Donghyuk and Roux, Beno{\^\i}t and Mobley, David L. and Michel, Julien},
 journal = {J. Chem. Theory. Comput.},
 pages = {5567--5582},
 title = {{R}eproducibility of {F}ree {E}nergy {C}alculations {A}cross {D}ifferent {M}olecular {S}imulation {S}oftware {P}ackages},
 volume = {14},
 year = {2018}
}

@article{Lomize2019,
 author = {Lomize, Andrei L. and Pogozheva, Irina D.},
 journal = {J. Chem. Inf. Model.},
 pages = {3198--3213},
 title = {{P}hysics-{B}ased {M}ethod for {M}odeling {P}assive {M}embrane {P}ermeability and {T}ranslocation {P}athways of {B}ioactive {M}olecules},
 volume = {59},
 year = {2019}
}

@article{Mackerell1995,
 author = {MacKerell Jr, Alexander D. and Wiorkiewicz-Kuczera, Joanna and Karplus, Martin},
 journal = {J. Am. Chem. Soc.},
 pages = {11946--11975},
 title = {{A}n {A}ll-{A}tom {E}mpirical {E}nergy {F}unction for the {S}imulation of {N}ucleic {A}cid},
 volume = {117},
 year = {1995}
}

@article{Mackerell1998,
 author = {MacKerell, A. D. and Bashford, D. and Bellott, M. and Dunbrack, R. L. and Evanseck, J. D. and Field, M. J. and Fischer, S. and Gao, J. and Guo, H. and Ha, S. and Joseph-McCarthy, D. and Kuchnir, L. and Kuczera, K. and Lau, F. T. K. and Mattos, C. and Michnick, S. and Ngo, T. and Nguyen, D. T. and Prodhom, B. and Reiher, W. E. and Roux, B. and Schlenkrich, M. and Smith, J. C. and Stote, R. and Straub, J. and Watanabe, M. and Wiorkiewicz-Kuczera, J. and Yin, D. and Karplus, M.},
 journal = {J. Phys. Chem.},
 pages = {3586--3616},
 title = {{A}ll-{A}tom {E}mpirical {P}otential for {M}olecular {M}odeling and {D}ynamics {S}tudies of {P}roteins},
 volume = {102},
 year = {1998}
}

@article{Mackerell2004,
 author = {Mackerell, Jr. and Alexander, D.},
 journal = {J. Comp. Chem.},
 pages = {1584--1604},
 title = {{E}mpirical {F}orce {F}ields for {B}iological {M}acromolecules: {O}verview and {I}ssues},
 volume = {25},
 year = {2004}
}

@article{Malde2011,
 author = {Malde, Alpeshkumar K. and Zuo, Le and Breeze, Matthew and Stroet, Martin and Poger, David and Nair, Pramod C. and Oostenbrink, Chris and Mark, Alan E.},
 journal = {J. Chem. Theory. Comput.},
 pages = {4026--4037},
 title = {{A}n {A}utomated {F}orce {F}ield {T}opology {B}uilder (
 "{A}TB) and {R}epository: {V}ersion 1.0},
 volume = {7},
 year = {2011}
}

@article{Mallinson2012,
 author = { Mallinson, J. and Collins, I.},
 journal = {Future. Med. Chem.},
 pages = {1409},
 title = {{M}acrocycles in {N}ew {D}rug {D}iscovery},
 volume = {4},
 year = {2012}
}

@article{Margenau1939,
 author = {Margenau, H.},
 journal = {Rev. Mod. Phys.},
 pages = {1--35},
 title = {{V}an {D}er {W}aals {F}orces},
 volume = {11},
 year = {1939}
}

@article{Mark2011,
 author = {Malde, Alpeshkumar K. and Zuo, Le and Breeze, Matthew and Stroet, Martin and Poger, David and Nair, Pramod C. and Oostenbrink, Chris and Mark, Alan E.},
 journal = {J. Chem. Theory. Comput.},
 pages = {4026--4037},
 title = {{A}n {A}utomated {F}orce {F}ield {T}opology {B}uilder ({A}TB) and {R}epository: {V}ersion 1.0},
 volume = {7},
 year = {2011}
}

@article{Markwick2008,
 author = {Markwick, Phineus R. L. AND Malliavin, Th{\'e}r^  ese AND Nilges, Michael},
 journal = {PLoS Comput. Biol.},
 pages = {1--7},
 title = {{S}tructural {B}iology by {NMR}: {S}tructure, {D}ynamics, and {I}nteractions},
 volume = {4},
 year = {2008}
}

@article{Marrink1996,
 author = {Marrink, Siewert J. and Berendsen, Herman J. C.},
 journal = {J. Phys. Chem.},
 pages = {16729--16738},
 title = {{P}ermeation {P}rocess of {S}mall {M}olecules {A}cross {L}ipid {M}embranes {S}tudied by {M}olecular {D}ynamics {S}imulations},
 volume = {100},
 year = {1996}
}

@article{Marsault2007,
 author = { Marsault, E. and Benakli, K. and Beaubien, S. and Saint-Louis, C. and D{\'e}ziel, R. and Fraser, G.},
 journal = {Bioorg. Med. Chem. Lett.},
 pages = {4187},
 title = {{P}otent {M}acrocyclic {A}ntagonists to the {M}otilin {R}eceptor {P}resenting {N}ovel {U}nnatural {A}mino {A}cids},
 volume = {17},
 year = {2007}
}

@article{Marsault2011,
 author = { Marsault, E. and Peterson, M. L.},
 journal = {J. Med. Chem.},
 pages = {1961},
 title = {{M}acrocycles {A}re {G}reat {C}ycles: {A}pplications, {O}pportunities, and {C}hallenges of {S}ynthetic {M}acrocycles in {D}rug {D}iscovery},
 volume = {54},
 year = {2011}
}

@book{Marsault2017,
 author = {Marsault, E. and  Peterson, M. L.},
 edition = {1},
 publisher = {John Wiley \& Sons, Inc. },
 title = {{P}ractical {M}edicinal {C}hemistry {W}ith {M}acrocycles: {D}esign, {S}ynthesis, and {C}ase {S}tudies},
 year = {2017}
}

@article{Martyna1992,
 author = {Martyna,Glenn J.  and Klein,Michael L.  and Tuckerman,Mark },
 journal = {J. Chem. Phys.},
 pages = {2635--2643},
 title = {{N}os{\'E}-{H}oover {C}hains: {T}he {C}anonical {E}nsemble via {C}ontinuous {D}ynamics},
 volume = {97},
 year = {1992}
}

@misc{Matsson2017,
 author = {Matsson, Par and Kihlberg, Jan},
 journal = {J. Med. Chem.},
 pages = {1662--1664},
 title = {{H}ow {B}ig {I}s {T}oo {B}ig for {C}ell {P}ermeability?},
 volume = {60},
 year = {2017}
}

@article{Mccammon1977,
 author = {McCammon, J. Andrew
and Gelin, Bruce R.
and Karplus, Martin},
 journal = {Nature.},
 pages = {585--590},
 title = {{D}ynamics of {F}olded {P}roteins},
 volume = {267},
 year = {1977}
}

@article{Mcgibbon2015,
 author = { McGibbon, R. T. and Beauchamp, K. A. and Harrigan, M. P. and Klein, C. and Swails, J. M. and Hern{\'a}ndez, C. X. and Schwantes, C. R. and Wang, L. P. and Lane, T. J. and Pande, V. S.},
 journal = {Biophys. J.},
 pages = {1528},
 title = {M{D}Traj: {A} Modern {O}pen {L}ibrary for the {A}nalysis of {M}olecular {D}ynamics {T}rajectories},
 volume = {109},
 year = {2015}
}

@article{Mckinney2010,
 author = {McKinney, Wes},
 journal = {Proc. 9th. Python. Sci. Conf.},
 pages = {51--56},
 title = {{D}ata {S}tructures for {S}tatistical {C}omputing in {P}ython},
 volume = {445},
 year = {2010}
}

@article{Meel2008,
 author = {van Meel, J.A.  and Arnold, A. and Frenkel, D. and Portegies Zwart,  S.F.  and Belleman, R.G. },
 journal = {Mol. Simul.},
 pages = {259--266},
 title = {{H}arvesting {G}raphics {P}ower for {M}D {S}imulations},
 volume = {34},
 year = {2008}
}

@inbook{Meier2021,
 author = {Meier, Katharina and Bluck, Joseph P. and Christ, Clara D.},
 booktitle = {Free Energy Methods in Drug Discovery: Current State and Future Directions},
 chapter = {2},
 pages = {39-66},
 publisher = {ACS Publications},
 title = {{U}se of {F}ree {E}nergy {M}ethods in the {D}rug {D}iscovery {I}ndustry},
 year = {2021}
}

@article{Merz1991,
 author = {Merz, Kenneth M.},
 journal = {J. Am. Chem. Soc.},
 pages = {406--411},
 title = {{C}arbon {D}ioxide {B}inding to {H}uman {C}arbonic {A}nhydrase {I}I},
 volume = {113},
 year = {1991}
}

@article{Metropolis1953,
 author = {Metropolis, Nicholas  and Rosenbluth, Arianna W.  and Rosenbluth, Marshall N.  and Teller, Augusta H.  and Teller, Edward },
 journal = {J. Chem. Phys.},
 pages = {1087--1092},
 title = {{E}quation of {S}tate {C}alculations by {F}ast {C}omputing {M}achines},
 volume = {21},
 year = {1953}
}

@article{Meurer2017,
 author = {Meurer, Aaron and Smith, Christopher P and Paprocki, Mateusz and {\v C}ert{\i}́k, Ond$\ \ $ vrej and Kirpichev, Sergey B and Rocklin, Matthew and Kumar, AMiT and Ivanov, Sergiu and Moore, Jason K and Singh, Sartaj and Rathnayake, Thilina and Vig, Sean and Granger, Brian E and Muller, Richard P and Bonazzi, Francesco and Gupta, Harsh and Vats, Shivam and Johansson, Fredrik and Pedregosa, Fabian and Curry, Matthew J and Terrel, Andy R and Rou{\v c}ka, {\v S}t{\v e}p{\'a}n and Saboo, Ashutosh and Fernando, Isuru and Kulal, Sumith and Cimrman, Robert and Scopatz, Anthony},
 journal = {Peerj. Comput. Sci.},
 pages = {103},
 title = {{S}ym{P}y: {S}ymbolic {C}omputing in {P}ython},
 volume = {3},
 year = {2017}
}

@article{Michel2010,
 author = {Michel, Julien
and Essex, Jonathan W.},
 journal = {J. Comput. Aided. Mol.},
 pages = {639--658},
 title = {{P}rediction of {P}rotein--{L}igand {B}inding {A}ffinity by {F}ree {E}nergy {S}imulations: {A}ssumptions, {P}itfalls and {E}xpectations},
 volume = {24},
 year = {2010}
}

@article{Millman2011,
 author = {Millman, K. Jarrod and Aivazis, Michael},
 journal = {Comput. Sci. Eng.},
 pages = {9--12},
 title = {{P}ython for {S}cientists and {E}ngineers},
 volume = {13},
 year = {2011}
}

@article{Miyamoto1992,
 author = {Miyamoto, Shuichi and Kollman, Peter A.},
 journal = {J. Comput. Chem.},
 pages = {952--962},
 title = {{S}ettle: {A}n {A}nalytical {V}ersion of the {S}HA{K}E and {R}AT{T}LE {A}lgorithm for {R}igid {W}ater {M}odels},
 volume = {13},
 year = {1992}
}

@article{Mobley2006,
 author = {Mobley, David L.  and Chodera, John D.  and Dill, Ken A. },
 journal = {J. Chem. Phys.},
 pages = {084902},
 title = {{O}n the {U}se of {O}rientational {R}estraints and {S}ymmetry {C}orrections in {A}lchemical {F}ree {E}nergy {C}alculations},
 volume = {125},
 year = {2006}
}

@article{Mobley2014,
 author = {Mobley, David L.
and Guthrie, J. Peter},
 journal = {J. Comput. Aided. Mol.},
 pages = {711--720},
 title = {{F}ree{S}olv: {A} Database of {E}xperimental and {C}alculated {H}ydration {F}ree {E}nergies, {W}ith {I}nput {F}iles},
 volume = {28},
 year = {2014}
}

@article{Modell2016,
 author = { Modell, A. E. and Blosser, S. L. and Arora, P. S.},
 journal = {Trends. Pharmacol. Sci.},
 pages = {702},
 title = {{S}ystematic {T}argeting of {P}rotein-{P}rotein {I}nteractions {A}pproaches to {T}argeting {P}rotein-{P}rotein {I}nteractions},
 volume = {37},
 year = {2016}
}

@article{Molgedey1994,
 author = { Molgedey, L. and Schuster, H. G.},
 journal = {Phys. Rev. Lett.},
 pages = {3634},
 title = {{S}eparation of a {M}ixture of {I}ndependent {S}ignals {U}sing {T}ime {D}elayed {C}orrelations},
 volume = {72},
 year = {1994}
}

@article{Morris2009,
 author = {Morris, Garrett M and Huey, Ruth and Lindstrom, William and Sanner, Michel F and Belew, Richard K and Goodsell, David S and Olson, Arthur J},
 journal = {J. Comp. Chem.},
 pages = {2785--2791},
 title = {{A}uto{D}ock4 and {A}uto{D}ock{T}ools4: {A}utomated {D}ocking {W}ith {S}elective {R}eceptor {F}lexibility},
 volume = {30},
 year = {2009}
}

@article{Morse1929,
 author = {Morse, Philip M.},
 journal = {Phys. Rev.},
 pages = {57--64},
 title = {{D}iatomic {M}olecules {A}ccording to the {W}ave {M}echanics. {II}. {V}ibrational {L}evels},
 volume = {34},
 year = {1929}
}

@misc{Naden2018,
 author = {Naden, Levi N. and Smith, Daniel G. A.},
 publisher = {Molecular Sciences Software Institute (MolSSI)},
 title = {{C}ookiecutter for {C}omputational {M}olecular {S}ciences ({C}MS) {P}ython {P}ackages},
 year = {2018}
}

@article{Nadler2008,
 author = {Nadler, W. and Meinke, J. H. and Hansmann, U. H. },
 journal = {Exch. Phys. Rev.},
 pages = {061905},
 title = { {F}olding {P}roteins by {F}irst-{P}assage-{T}imes-{O}ptimized {R}eplica},
 volume = {8},
 year = {2008}
}

@article{Naray2003,
 author = {G{\'a}bor N{\'r}ay-Szab{\'a}nd, Imre Berente},
 journal = {J. Mol. Struct.},
 pages = {637--644},
 title = {{C}omputer {M}odelling of {E}nzyme {R}eactions},
 volume = {666--667},
 year = {2003}
}

@misc{Natureconduct2021,
 author = {NeurIPS},
 howpublished = {https://nips.cc/Conferences/2020/PaperInformation/CodeSubmissionPolicy},
 note = {Accessed: 2021-12-07},
 title = {{C}ode {S}ubmission {P}olicy},
 year = {2021}
}

@article{Naylor2017,
 author = { Naylor, M. R. and Bockus, A. T. and Blanco, M. J. and Lokey, R. S.},
 journal = {Curr. Opin. Chem. Biol.},
 pages = {141},
 title = {{C}yclic {P}eptide {N}atural {P}roducts {C}hart the {F}rontier of {O}ral {B}ioavailability in the {P}ursuit of {U}ndruggable {T}argets},
 volume = {38},
 year = {2017}
}

@article{Neumann1928,
 author = {von Neumann, John},
 journal = {Math. Ann.},
 pages = {295--320},
 title = {{Z}ur {T}heorie {D}er {G}esellschaftsspiele},
 volume = {100},
 year = {1928}
}

@book{Newton1726,
 author = { Newton, Isaac },
 publisher = { Innys },
 title = {{P}hilosophi{\ae} {N}aturalis {P}rincipia {M}athematica },
 year = { 1726 }
}

@article{Nicholls2008,
 author = {Nicholls, Anthony and Mobley, David L and Guthrie, J Peter and Chodera, John D and Bayly, Christopher I and Cooper, Matthew D and Pande, Vijay S},
 journal = {J. Med. Chem.},
 pages = {769--779},
 title = {{P}redicting {S}mall-{M}olecule {S}olvation {F}ree {E}nergies: {A}n {I}nformal {B}lind {T}est for {C}omputational {C}hemistry},
 volume = {51},
 year = {2008}
}

@article{Nielsen2014,
 author = { Nielsen, D. S. and Hoang, H. N. and Lohman, R. J. and Hill, T. A. and Lucke, A. J. and Craik, D. J. and Edmonds, D. J. and Griffith, D. A. and Rotter, C. J. and Ruggeri, R. B. and Price, D. A. and Liras, S. and Fairlie, D. P.},
 journal = {Angew. Chem. Int. Ed.},
 pages = {12059},
 title = {{I}mproving on {N}ature: {M}aking a {C}yclic {H}eptapeptide {O}rally {B}ioavailable},
 volume = {53},
 year = {2014}
}

@article{Nose1983,
 author = { Nos{\'e}, Shuichi  and Klein, M.L. },
 journal = {Mol. Phys.},
 pages = {1055--1076},
 title = {{C}onstant {P}ressure {M}olecular {D}ynamics for {M}olecular {S}ystems},
 volume = {50},
 year = {1983}
}

@article{Nose1984,
 author = { Nos{\'e}, Sh{\= u}ichi },
 journal = {Mol. Phys.},
 pages = {255--268},
 title = {{A} Molecular {D}ynamics {M}ethod for {S}imulations in the {C}anonical {E}nsemble},
 volume = {52},
 year = {1984}
}

@article{Nose1984A,
 author = {Nos{\'e}, Shuichi },
 journal = {J. Chem. Phys.},
 pages = {511--519},
 title = {{A} Unified {F}ormulation of the {C}onstant {T}emperature {M}olecular {D}ynamics {M}ethods},
 volume = {81},
 year = {1984}
}

@article{O'Boyle2008,
 author = {O' Boyle, Noel M.
and Morley, Chris
and Hutchison, Geoffrey R.},
 journal = {Chem. Central. J.},
 pages = {5},
 title = {{P}ybel: {A} Python {W}rapper for the {O}pen{B}abel {C}heminformatics {T}oolkit},
 volume = {2},
 year = {2008}
}

@article{Oliphant2007,
 author = {Oliphant, Travis E.},
 journal = {Comput. Sci. Eng.},
 pages = {10--20},
 title = {{P}ython for {S}cientific {C}omputing},
 volume = {9},
 year = {2007}
}

@article{Oostenbrink2004,
 author = {Oostenbrink, Chris and Villa, Alessandra and Mark, Alan E. and Van Gunsteren, Wilfred F.},
 journal = {J. Comp. Chem.},
 pages = {1656--1676},
 title = {{A} Biomolecular {F}orce {F}ield {B}ased on the {F}ree {E}nthalpy of {H}ydration and {S}olvation: {T}he {G}RO{M}OS {F}orce-{F}ield {P}arameter {S}ets 53{A}5 and 53{A}6},
 volume = {25},
 year = {2004}
}

@article{Ottaviani2006,
 author = {Ottaviani, Giorgio and Martel, Sophie and Carrupt, Pierre-Alain},
 journal = {J. Med. Chem.},
 pages = {3948--3954},
 title = {{P}arallel {A}rtificial {M}embrane {P}ermeability {A}ssay: {A} New {M}embrane for the {F}ast {P}rediction of {P}assive {H}uman {S}kin {P}ermeability},
 volume = {49},
 year = {2006}
}

@article{Over2016,
 author = { Over, B. and Matsson, P. and Tyrchan, C. and Artursson, P. and Doak, B. C. and Foley, M. A. and Hilgendorf, C. and Johnston, S. E. and Lee, M. D. and Lewis, R. J. and McCarren, P. and Muncipinto, G. and Norinder, U. and Perry, M. W. D. and Duvall, J. R. and Kihlberg, J.},
 journal = {Nat. Chem. Biol.},
 pages = {1065},
 title = {{S}tructural and {C}onformational {D}eterminants of {M}acrocycle {C}ell {P}ermeability},
 volume = {},
 year = {2016}
}

@article{Parrinello1981,
 author = {Parrinello,M.  and Rahman,A. },
 journal = {Int. J. Appl. Phys.},
 pages = {7182--7190},
 title = {{P}olymorphic {T}ransitions in {S}ingle {C}rystals: {A} New {M}olecular {D}ynamics {M}ethod},
 volume = {52},
 year = {1981}
}

@article{Pauling1934,
 author = {Pauling, Linus and Huggins, M. L.},
 journal = {Z. Krist. Cryst. Mater.},
 pages = {205--238},
 title = {{C}ovalent {R}adii of {A}toms and {I}nteratomic {D}istances in {C}rystals {C}ontaining {E}lectron-{P}air {B}onds},
 volume = {87},
 year = {1934}
}

@article{Pauling1951,
 author = {Pauling, L.
and Corey, R. B.},
 journal = {Proc. National. Acad. Sci. USA},
 pages = {235--240},
 title = {{A}tomic {C}oordinates and {S}tructure {F}actors for {T}wo {H}elical {C}onfigurations of {P}olypeptide {C}hains},
 volume = {37},
 year = {1951}
}

@article{Paulsen2020,
 author = {Paulsen, Janet L. and Yu, Haoyu S. and Sindhikara, Dan and Wang, Lingle and Appleby, Todd and Villasenor, Armando G. and Schmitz, Uli and Shivakumar, Devleena},
 journal = {J. Chem. Inf. Model.},
 pages = {3489--3498},
 title = {{E}valuation of {F}ree {E}nergy {C}alculations for the {P}rioritization of {M}acrocycle {S}ynthesis},
 volume = {60},
 year = {2020}
}

@article{Pearlman1991,
 author = {Pearlman, David A.  and Kollman, Peter A. },
 journal = {J. Chem. Phys.},
 pages = {4532--4545},
 title = {{T}he {O}verlooked {B}ond‐{S}tretching {C}ontribution in {F}ree {E}nergy {P}erturbation {C}alculations},
 volume = {94},
 year = {1991}
}

@article{Pearlman1994,
 author = {Pearlman, David A.},
 journal = {J. Phys. Chem.},
 pages = {1487--1493},
 title = {{A} Comparison of {A}lternative {A}pproaches to {F}ree {E}nergy {C}alculations},
 volume = {98},
 year = {1994}
}

@article{Pearlman1995,
 author = {Pearlman, David A. and Case, David A. and Caldwell, James W. and Ross, Wilson S. and Cheatham III, Thomas E. and DeBolt, Steve and Ferguson, David and Seibel, George and Kollman, Peter},
 journal = {Comput. Phys. Commun.},
 pages = {1--41},
 title = {A{M}BE{R}, a {P}ackage of {C}omputer {P}rograms for {A}pplying {M}olecular {M}echanics, {N}ormal {M}ode {A}nalysis, {M}olecular {D}ynamics and {F}ree {E}nergy {C}alculations to {S}imulate the {S}tructural and {E}nergetic {P}roperties of {M}olecules},
 volume = {91},
 year = {1995}
}

@article{Pedregosa2011,
 author = {Pedregosa, F. and Varoquaux, G. and Gramfort, A. and Michel, V.
and Thirion, B. and Grisel, O. and Blondel, M. and Prettenhofer, P.
and Weiss, R. and Dubourg, V. and Vanderplas, J. and Passos, A. and
Cournapeau, D. and Brucher, M. and Perrot, M. and Duchesnay, E.},
 journal = {J. Mach. Learn. Re.},
 pages = {2825--2830},
 title = {{S}cikit-{L}earn: {M}achine {L}earning in {P}ython},
 volume = {12},
 year = {2011}
}

@article{Peng2011,
 author = {Peng, Roger D.},
 journal = {Science.},
 pages = {1226--1228},
 title = {{R}eproducible {R}esearch in {C}omputational {S}cience},
 volume = {334},
 year = {2011}
}

@article{Peraro2018,
 author = { Peraro, L. and Kritzer, J. A.},
 journal = {Angew. Chem. Int. Ed.},
 pages = {11868},
 title = {{E}merging {M}ethods and {D}esign {P}rinciples for {C}ell-{P}enetrant {P}eptides},
 volume = {57},
 year = {2018}
}

@article{Perthold2018,
 author = {Perthold, Jan Walther and Oostenbrink, Chris},
 journal = {J. Phys. Chem. B.},
 pages = {5030--5037},
 title = {{A}ccelerated {E}nveloping {D}istribution {S}ampling: {E}nabling {S}ampling of {M}ultiple {E}nd {S}tates {W}hile {P}reserving {L}ocal {E}nergy {M}inima},
 volume = {122},
 year = {2018}
}

@article{Perthold2020,
 author = {Perthold, Jan Walther and Petrov, Drazen and Oostenbrink, Chris},
 journal = {J. Chem. Inf. Model.},
 pages = {5395--5406},
 title = {{T}oward {A}utomated {F}ree {E}nergy {C}alculation {W}ith {A}ccelerated {E}nveloping {D}istribution {S}ampling ({A}-Eds)},
 volume = {60},
 year = {2020}
}

@article{Petrov2021,
 author = {Petrov, Drazen},
 journal = {J. Chem. Inf. Model.},
 pages = {4382--4390},
 title = {{P}erturbation {F}ree-{E}nergy {T}oolkit: {A}n {A}utomated {A}lchemical {T}opology {B}uilder},
 volume = {61},
 year = {2021}
}

@inproceedings{Pezoa2016,
 author = {Pezoa, Felipe and Reutter, Juan L and Suarez, Fernando and Ugarte, Mart{\i}́n and Vrgo{\v c}, Domagoj},
 booktitle = {Proceedings of the 25th International Conference on World Wide Web},
 pages = {263--273},
 title = {{F}oundations of {J}SO{N} Schema},
 year = {2016}
}

@misc{Phillips1981,
 author = {Phillips, D},
 publisher = {Adenine Press: Guilderland, NY},
 title = {{B}iomolecular {S}tereodynamics},
 year = {1981}
}

@article{Plimpton1995,
 author = {Plimpton, Steve},
 journal = {J. Comput. Phys.},
 pages = {1--19},
 title = {{F}ast {P}arallel {A}lgorithms for {S}hort-{R}ange {M}olecular {D}ynamics},
 volume = {117},
 year = {1995}
}

@article{Pohorille2010,
 author = {Pohorille, Andrew and Jarzynski, Christopher and Chipot, Christophe},
 journal = {J. Phys. Chem. B.},
 pages = {10235--10253},
 title = {{G}ood {P}ractices in {F}ree-{E}nergy {C}alculations},
 volume = {114},
 year = {2010}
}

@incollection{Ponder2003,
 author = {Ponder, Jay W. and Case, David A.},
 booktitle = {Protein Simulations},
 pages = {27--85},
 publisher = {Academic Press},
 title = {{F}orce {F}ields for {P}rotein {S}imulations},
 year = {2003}
}

@article{Poongavanam2018,
 author = { Poongavanam, V. and Danelius, E. and Peintner, S. and Alcaraz, L. and Caron, G. and Cummings, M. D. and Wlodek, S. and Erdelyi, M. and Hawkins, P. C. D. and Ermondi, G. and Kihlberg, J.},
 journal = {ACS Omega.},
 pages = {11742},
 title = {{C}onformational {S}ampling of {M}acrocyclic {D}rugs in {D}ifferent {E}nvironments: {C}an {W}e {F}ind the {R}elevant {C}onformations?},
 volume = {3},
 year = {2018}
}

@article{Post1982,
 author = {Post, Ed},
 journal = {Datamation.},
 pages = {263--265},
 title = {{R}eal {P}rogrammers {D}on’t {U}se {P}ascal},
 volume = {29},
 year = {1983}
}

@article{Prim1957,
 author = {Prim, R. C.},
 journal = {Bell. Syst. Tech. J.},
 pages = {1389--1401},
 title = {{S}hortest {C}onnection {N}etworks and {S}ome {G}eneralizations},
 volume = {36},
 year = {1957}
}

@misc{Pypi2021,
 publisher = {Python Software Foundation},
 title = {{P}ython {P}ackage {I}ndex - {P}yP{I}},
 url = {https://pypi.org/},
 urldate = {2021-03-28},
 year = {2021}
}

@article{Qiu2021,
 author = {Qiu, Yudong and Smith, Daniel G. A. and Boothroyd, Simon and Jang, Hyesu and Hahn, David F. and Wagner, Jeffrey and Bannan, Caitlin C. and Gokey, Trevor and Lim, Victoria T. and Stern, Chaya D. and Rizzi, Andrea and Tjanaka, Bryon and Tresadern, Gary and Lucas, Xavier and Shirts, Michael R. and Gilson, Michael K. and Chodera, John D. and Bayly, Christopher I. and Mobley, David L. and Wang, Lee-Ping},
 journal = {J. Chem. Theory. Comput.},
 pages = {6262--6280},
 title = {{D}evelopment and {B}enchmarking of {O}pen {F}orce {F}ield {V}1.0.0 -- {T}he {P}arsley {S}mall-{M}olecule {F}orce {F}ield},
 volume = {17},
 year = {2021}
}

@article{Raeder2018,
 author = { R{\"a}der, A. F. B. and Reichart, F. and Weinm{\"u}ller, M. and Kessler, H.},
 journal = {Bioorg. Med. Chem.},
 pages = {2766},
 title = {{I}mproving {O}ral {B}ioavailability of {C}yclic {P}eptides by {N}-Methylation},
 volume = {26},
 year = {2018}
}

@article{Raman2020,
 author = {Raman, E. Prabhu and Paul, Thomas J. and Hayes, Ryan L. and Brooks, Charles L.},
 journal = {J. Chem. Theory. Comput.},
 pages = {7895--7914},
 title = {{A}utomated, {A}ccurate, and {S}calable {R}elative {P}rotein- {L}igand {B}inding {F}ree-{E}nergy {C}alculations {U}sing $\Lambda$ {D}ynamics},
 volume = {16},
 year = {2020}
}

@article{Rego2014,
 author = {Rego, Nicholas and Koes, David},
 journal = {Bioinformatics.},
 pages = {1322--1324},
 title = {3{D}mol.js: {M}olecular {V}isualization {W}ith {W}eb{G}L},
 volume = {31},
 year = {2014}
}

@article{Rezai2006,
 author = {Rezai, Taha and Bock, Jonathan E and Zhou, Mai V and Kalyanaraman, Chakrapani and Lokey, R Scott and Jacobson, Matthew P},
 journal = {J. Am. Chem. Soc.},
 pages = {14073--14080},
 title = {{C}onformational {F}lexibility, {I}nternal {H}ydrogen {B}onding, and {P}assive {M}embrane {P}ermeability: {S}uccessful in {S}ilico {P}rediction of the {R}elative {P}ermeabilities of {C}yclic {P}eptides},
 volume = {128},
 year = {2006}
}

@article{Rezai2006A,
 author = {Rezai, Taha and Yu, Bin and Millhauser, Glenn L and Jacobson, Matthew P and Lokey, R Scott},
 journal = {J. Am. Chem. Soc.},
 pages = {2510--2511},
 title = {{T}esting the {C}onformational {H}ypothesis of {P}assive {M}embrane {P}ermeability {U}sing {S}ynthetic {C}yclic {P}eptide {D}iastereomers},
 volume = {128},
 year = {2006}
}

@article{Ries2021,
 author = {Ries, Benjamin and Linker, Stephanie M. and Hahn, David F. and K{\"o}nig, Gerhard and Riniker, Sereina},
 journal = {J. Chem. Inf. Model.},
 pages = {560--564},
 title = {{E}nsembler: {A} Simple {P}ackage for {F}ast {P}rototyping and {T}eaching {M}olecular {S}imulations},
 volume = {61},
 year = {2021}
}

@article{Ries2021A,
 author = {Ries, Benjamin and Linker, Stephanie M. and Hahn, David F. and K{\"o}nig, Gerhard and Riniker, Sereina},
 journal = {J. Chem. Inf. Model.},
 pages = {560--564},
 title = {{E}nsembler: {A} Simple {P}ackage for {F}ast {P}rototyping and {T}eaching {M}olecular {S}imulations},
 volume = {61},
 year = {2021}
}

@article{Ries2021B,
 author = {Ries, Benjamin and Normak, Karl and Weiss, Richard G. and Rieder, Salom{\'e} and Barros, Emilia P. and Champion, Candide and K{\"o}nig, Gerhard and Riniker, Sereina},
 journal = {J. Comput. Mol.},
 pages = {in press},
 title = {{R}elative {F}ree-{E}nergy {C}alculations for {S}caffold {H}opping-{T}ype {T}ransformations {W}ith an {A}utomated {R}e-{E}ds {S}ampling {P}rocedure},
 volume = {-},
 year = {2021}
}

@article{Ries2022,
 author = {Ries, Benjamin and Normak, Karl and Wei{\ss},  R. G. and Rieder, S. and  Candide, C. and K{\"o}nig, G. and Riniker, S. },
 journal = {J. Comput. Mol.},
 pages = {in press},
 title = {{R}elative {F}ree-{E}nergy {C}alculations for {S}caffold {H}opping-{T}ype {T}ransformations {W}ith an {A}utomated {R}e-{E}ds {S}ampling {P}rocedure},
 volume = {-},
 year = {2022}
}

@article{Ries2022A,
 author = {Ries$\^{}\ dag$, Benjamin and Rieder$\^{}\ dag$, Salom ́e and Rhiner, C. and H{\"u}nenberger, Philippe H. and Riniker, S.},
 journal = {J. Comput. Mol.},
 pages = {submitted},
 title = {{A} Graph-{B}ased {A}pproach to the {R}estraint {P}roblem in {D}ual {T}opology {A}pproaches {W}ith {R}estraint{M}aker},
 volume = {-},
 year = {2022}
}

@article{Riniker2011,
 author = {Riniker, Sereina and Christ, Clara D. and Hansen, Niels and Mark, Alan E. and Nair, Pramod C. and van Gunsteren, Wilfred F.},
 journal = {J. Chem. Phys.},
 pages = {24105},
 title = {{C}omparison of {E}nveloping {D}istribution {S}ampling and {T}hermodynamic {I}ntegration to {C}alculate {B}inding {F}ree {E}nergies of {P}henylethanolamine {N}-Methyltransferase {I}nhibitors},
 volume = {135},
 year = {2011}
}

@article{Riniker2017,
 author = {Riniker, Sereina},
 journal = {J. Chem. Inf. Model.},
 pages = {726--741},
 title = {{M}olecular {D}ynamics {F}ingerprints ({M}DF{P}): {M}achine {L}earning {F}rom {M}D {D}ata to {P}redict {F}ree-{E}nergy {D}ifferences},
 volume = {57},
 year = {2017}
}

@article{Riniker2018,
 author = {Riniker, Sereina},
 journal = {J. Chem. Inf. Model.},
 pages = {565--578},
 title = {{F}ixed-{C}harge {A}tomistic {F}orce {F}ields for {M}olecular {D}ynamics {S}imulations in the {C}ondensed {P}hase: {A}n {O}verview},
 volume = {58},
 year = {2018}
}

@article{Riniker2019,
 author = { Riniker, S.},
 journal = {Future. Med. Chem.},
 pages = {637},
 title = {{T}oward the {E}lucidation of the {M}echanism for {P}assive {M}embrane {P}ermeability of {C}yclic {P}eptides},
 volume = {11},
 year = {2019}
}

@article{Rivera2019,
 author = {Rivera, Miguel and Dommett, Michael and Crespo-Otero, Rachel},
 journal = {J. Chem. Theory Comp.},
 pages = {2504--2516},
 title = {{ONIOM}({QM}:{QM}' ) {E}lectrostatic {E}mbedding {S}chemes for {P}hotochemistry in {M}olecular {C}rystals},
 volume = {15},
 year = {2019}
}

@article{Rizzo2006,
 author = {Rizzo, Robert C and Aynechi, Tiba and Case, David A and Kuntz, Irwin D},
 journal = {J. Chem. Theory. Comput.},
 pages = {128--139},
 title = {{E}stimation of {A}bsolute {F}ree {E}nergies of {H}ydration {U}sing {C}ontinuum {M}ethods: {A}ccuracy of {P}artial {C}harge {M}odels and {O}ptimization of {N}onpolar {C}ontributions},
 volume = {2},
 year = {2006}
}

@article{Rocklin2013,
 author = {Rocklin, Gabriel J.  and Mobley, David L.  and Dill, Ken A. },
 journal = {J. Chem. Phys.},
 pages = {085104},
 title = {{S}eparated {T}opologies \ {T}extendash  a {M}ethod for {R}elative {B}inding {F}ree {E}nergy {C}alculations {U}sing {O}rientational {R}estraints},
 volume = {138},
 year = {2013}
}

@article{Roest2014,
 author = {R{\"o}st, Hannes L. and Schmitt, Uwe and Aebersold, Ruedi and Malmstr{\"o}m, Lars},
 journal = {Proteomics.},
 pages = {74--77},
 title = {Py{O}pen{M}S: {A} Python-{B}ased {I}nterface to the {O}pen{M}S {M}ass-{S}pectrometry {A}lgorithm {L}ibrary},
 volume = {14},
 year = {2014}
}

@article{Roux2020,
 author = { Le Roux, A. and Blaise, E. and Boudreault, P.-L. and Comeau, C. and Doucet, A. and Giarrusso, M. and Collin, M.-P. and Neubauer, T. and Koelling, F. and G{\"o}ller, A. H. and Seep, L. and Tshitenge, D. T. and Wittwer, M. and Kullmann, M. and Hillisch, A. and Mittendorf, J. and Marsault, {\'E}.},
 journal = {J. Med. Chem.},
 pages = {6774},
 title = {{S}tructure-{P}ermeability {R}elationship of {S}emi-{P}eptidic {M}acrocycles -- {U}nderstanding and {O}ptimizing {P}assive {P}ermeability and {E}fflux {R}atio},
 volume = {},
 year = {2020}
}

@article{Ruder2016,
 author = {Ruder, S.},
 journal = {Arxiv. Prepr.},
 pages = {arXiv:1609.04747},
 title = {{A}n {O}verview of {G}radient {D}escent {O}ptimization {A}lgorithms},
 volume = {abs/1609.04747},
 year = {2016}
}

@article{Ryckaert1977,
 author = { Ryckaert, J. P. and Ciccotti, G. and Berendsen, H. J. C.},
 journal = {J. Comput. Phys.},
 pages = {327},
 title = {{N}umerical {I}ntegration of the {C}artesian {E}quations of {M}otion of a {S}ystem {W}ith {C}onstraints: {M}olecular {D}ynamics of {N}-Alkanes},
 volume = {23},
 year = {1977}
}

@article{Ryde2003,
 author = {Ulf Ryde},
 journal = {Curr. Opin. Struct. Biol.},
 pages = {136--142},
 title = {{C}ombined {Q}uantum and {M}olecular {M}echanics {C}alculations on {M}etalloproteins},
 volume = {7},
 year = {2003}
}

@article{Schenkmayerova2021,
 author = {Schenkmayerova, Andrea
and Pinto, Gaspar P.
and Toul, Martin
and Marek, Martin
and Hernychova, Lenka
and Planas-Iglesias, Joan
and Daniel Liskova, Veronika
and Pluskal, Daniel
and Vasina, Michal
and Emond, Stephane
and D{\"o}rr, Mark
and Chaloupkova, Radka
and Bednar, David
and Prokop, Zbynek
and Hollfelder, Florian
and Bornscheuer, Uwe T.
and Damborsky, Jiri},
 journal = {Nat. Commun.},
 pages = {3616},
 title = {{E}ngineering the {P}rotein {D}ynamics of an {A}ncestral {L}uciferase},
 volume = {12},
 year = {2021}
}

@article{Scherer2015,
 author = { Scherer, M. K. and Trendelkamp-Schroer, B. and Paul, F. and P{\'e}rez-Hern{\'a}ndez, G. and Hoffmann, M. and Plattner, N. and Wehmeyer, C. and Prinz, J.-H. and No{\'e}, F.},
 journal = {J. Chem. Theory. Comput.},
 pages = {5525},
 title = {{P}yE{M}MA 2: {A} Software {P}ackage for {E}stimation, {V}alidation, and {A}nalysis of {M}arkov {M}odels},
 volume = {11},
 year = {2015}
}

@book{Schiller1898,
 author = {Schiller, Friedrich},
 publisher = {H. Holt},
 title = {{W}ilhelm {T}ell},
 year = {1898}
}

@article{Schindler2020,
 author = {Schindler, C. E. M. and Baumann, H. and Blum, A. and B{\"o}se,D. and Buchstaller, H.-P. and Burgdorf, L. and Cappel, D. and Chekler, E. and Czodrowski, P. and Dorsch, D. and Eguida, M. K. I. and Follows, B. and Fuchs, T. and Gr\ dl\"er, U. and Gunera, J. and Johnson, T. and  Jorand Lebrun, C. and Karra, S. and Klein, M. and Knehans, T. and Koetzner, L. and Krier, M. and Leiendecker, M. and Leuthner, B. and Li, L. and Mochalkin, I. and Musil, D. and Neagu, C. and Rippmann, F. and Schiemann, K. and Schulz, R. and Steinbrecher, T. and Tanzer, E.-M. and Unzue Lopez, A. and Viacava Follis, A. and Wegener, A. and Kuhn, D.},
 journal = {J. Chem. Inf. Model.},
 pages = {5457--5474},
 title = {{L}arge-{S}cale {A}ssessment of {B}inding {F}ree {E}nergy {C}alculations in {A}ctive {D}rug {D}iscovery {P}rojects},
 volume = {60},
 year = {2020}
}

@article{Schmid2011,
 author = { Schmid, N. and Eichenberger, A. P. and Choutko, A. and Riniker, S. and Winger, M. and Mark, A. E. and Van Gunsteren, W. F.},
 journal = {Eur. Biophys. J.},
 pages = {843},
 title = {{D}efinition and {T}esting of the {G}RO{M}OS {F}orce-{F}ield {V}ersions 54{A}7 and 54{B}7},
 volume = {40},
 year = {2011}
}

@article{Schmid2012,
 author = { Schmid, N. and Christ, C. D. and Christen, M. and Eichenberger, A. P. and Van Gunsteren, W. F.},
 journal = {Comput. Phys. Commun.},
 pages = {890},
 title = {{A}rchitecture, {I}mplementation and {P}arallelisation of the {G}RO{M}OS {S}oftware for {B}iomolecular {S}imulation},
 volume = {183},
 year = {2012}
}

@article{Schuler2001,
 author = {Schuler, Lukas D. and Daura, Xavier and van Gunsteren, Wilfred F.},
 journal = {J. Comp. Chem.},
 pages = {1205--1218},
 title = {{A}n {I}mproved {G}RO{M}OS96 {F}orce {F}ield for {A}liphatic {H}ydrocarbons in the {C}ondensed {P}hase},
 volume = {22},
 year = {2001}
}

@article{Schwochert2015,
 author = { Schwochert, J. and Turner, R. and Thang, M. and Berkeley, R. F. and Ponkey, A. R. and Rodriguez, K. M. and Leung, S. S. F. and Khunte, B. and Goetz, G. and Limberakis, C. and Kalgutkar, A. S. and Eng, H. and Shapiro, M. J. and Mathiowetz, A. M. and Price, D. A. and Liras, S. and Jacobson, M. P. and Lokey, R. S.},
 journal = {Org. Lett.},
 pages = {2928},
 title = {{P}eptide to {P}eptoid {S}ubstitutions {I}ncrease {C}ell {P}ermeability in {C}yclic {H}exapeptides},
 volume = {17},
 year = {2015}
}

@misc{Scienceconduct2021,
 author = {Science Journals},
 howpublished = {https://www.sciencemag.org/authors/science-journals-editorial-policies},
 note = {Accessed: 2021-12-07},
 title = {{E}ditorial {P}olicies},
 year = {2021}
}

@article{Scott2016,
 author = { Scott, D. E. and Bayly, A. R. and Abell, C. and Skidmore, J.},
 journal = {Nat. Rev. Drug. Discov.},
 pages = {533},
 title = {{S}mall {M}olecules, {B}ig {T}argets: {D}rug {D}iscovery {F}aces the {P}rotein-{P}rotein {I}nteraction {C}hallenge},
 volume = {15},
 year = {2016}
}

@article{Sebastiano2018,
 author = { Sebastiano, M. R. and Doak, B. C. and Backlund, M. and Poongavanam, V. and Over, B. and Ermondi, G. and Caron, G. and Kihlberg, J.},
 journal = {J. Med. Chem.},
 pages = {4189},
 title = {{I}mpact of {D}ynamically {E}xposed {P}olarity on {P}ermeability and {S}olubility of {C}hameleonic {D}rugs {B}eyond the {R}ule of 5},
 volume = {},
 year = {2018}
}

@article{Seeliger2010,
 author = {Seeliger, Daniel and de Groot,  Bert L.},
 journal = {Biophys. J.},
 pages = {2309--2316},
 title = {{P}rotein {T}hermostability {C}alculations {U}sing {A}lchemical {F}ree {E}nergy {S}imulations},
 volume = {98},
 year = {2010}
}

@article{Senn2009,
 author = {Senn, Hans Martin and Thiel, Walter},
 journal = {Angew. Chem. Int. Ed.},
 pages = {1198--1229},
 title = {{QM}/{MM} Methods for {B}iomolecular {S}ystems},
 volume = {48},
 year = {2009}
}

@article{Shapiro1965,
 author = { Shapiro, S. S. and Wilk, M. B.},
 journal = {Biometrika.},
 pages = {591},
 title = {{B}iometrika {T}rust an {A}nalysis of {V}ariance {T}est for {N}ormality ({C}omplete {S}amples) {P}ublished {B}y: {O}xford {U}niversity {P}ress on {B}ehalf of {B}iometrika {T}rust {S}table},
 volume = {52},
 year = {1965}
}

@article{Shen2009,
 author = {Shen, Vincent K. and Cheung, Jason K. and Errington, Jeffrey R. and Truskett, Thomas M.},
 journal = {J. Biomech. Eng.},
 pages = {071002--1 -- 071002--6},
 title = {{I}nsights {I}nto {C}rowding {E}ffects on {P}rotein {S}tability {F}rom a {C}oarse-{G}rained {M}odel},
 volume = {131},
 year = {2009}
}

@article{Sheng2020,
 author = {Sheng, Xiang and Kazemi, Masoud and {\. Z}{\k a}d{\l}o-Dobrowolska, Anna and Kroutil, Wolfgang and Himo, Fahmi},
 journal = {ACS Catal.},
 pages = {570--577},
 title = {{M}echanism of {B}iocatalytic {F}riedel-{C}rafts {A}cylation by {A}cyltransferase {F}rom {P}seudomonas {P}rotegens},
 volume = {10},
 year = {2020}
}

@article{Shi2014,
 author = {Yigong Shi},
 journal = {Cell.},
 pages = {995--1014},
 title = {{A} Glimpse of {S}tructural {B}iology {T}hrough {X}-Ray {C}rystallography},
 volume = {159},
 year = {2014}
}

@article{Shirts2008,
 author = {Shirts, Michael R and Chodera, John D},
 journal = {J. Chem. Phys.},
 pages = {124105},
 title = {{S}tatistically {O}ptimal {A}nalysis of {S}amples {F}rom {M}ultiple {E}quilibrium {S}tates},
 volume = {129},
 year = {2008}
}

@article{Shirts2017,
 author = {Shirts, Michael R.
and Klein, Christoph
and Swails, Jason M.
and Yin, Jian
and Gilson, Michael K.
and Mobley, David L.
and Case, David A.
and Zhong, Ellen D.},
 journal = {J. Comput. Mol.},
 pages = {147--161},
 title = {{L}essons {L}earned {F}rom {C}omparing {M}olecular {D}ynamics {E}ngines on the {S}AM{P}L5 {D}ataset},
 volume = {31},
 year = {2017}
}

@article{Shobana2000,
 author = {Shobana, S. and Roux, Beno{\^\i}t and Andersen, Olaf S.},
 journal = {J. Phys. Chem. B.},
 pages = {5179--5190},
 title = {{F}ree {E}nergy {S}imulations: {T}hermodynamic {R}eversibility and {V}ariability},
 volume = {104},
 year = {2000}
}

@article{Sidler2016,
 author = {Sidler, Dominik and Schwaninger, Arthur and Riniker, Sereina},
 journal = {J. Chem. Phys.},
 pages = {154114},
 title = {{R}eplica {E}xchange {E}nveloping {D}istribution {S}ampling ({R}e-{E}ds): {A} Robust {M}ethod to {E}stimate {M}ultiple {F}ree-{E}nergy {D}ifferences {F}rom a {S}ingle {S}imulation},
 volume = {145},
 year = {2016}
}

@article{Sidler2017,
 author = {Sidler, Dominik and Crist\^ofol-Clough, Michael and Riniker, Sereina},
 journal = {J. Chem. Theory. Comput.},
 pages = {3020--3030},
 title = {{E}fficient {R}ound-{T}rip {T}ime {O}ptimization for {R}eplica-{E}xchange {E}nveloping {D}istribution {S}ampling ({R}e-{E}ds)},
 volume = {13},
 year = {2017}
}

@article{Sokkar2011,
 author = {Sokkar, Pandian
and Mohandass, Shylajanaciyar
and Ramachandran, Murugesan},
 journal = {J. Mol. Model.},
 pages = {1565--1577},
 title = {{M}ultiple {T}emplates-{B}ased {H}omology {M}odeling {E}nhances {S}tructure {Q}uality of {A}T1 {R}eceptor: {V}alidation by {M}olecular {D}ynamics and {A}ntagonist {D}ocking},
 volume = {17},
 year = {2011}
}

@article{Sprenger2015,
 author = {Sprenger, KG and Jaeger, Vance W. and Pfaendtner, Jim},
 journal = {J. Phys. Chem.},
 pages = {5882--5895},
 title = {{T}he {G}eneral {A}MB{E}R {F}orce {F}ield ({G}AF{F}) {C}an {A}ccurately {P}redict {T}hermodynamic and {T}ransport {P}roperties of {M}any {I}onic {L}iquids},
 volume = {119},
 year = {2015}
}

@article{Stadelmann2020,
 author = {Stadelmann, Thomas and Subramanian, Govindan and Menon, Sanjay and Townsend, Chad E. and Lokey, R. Scott and Ebert, Marc-Olivier and Riniker, Sereina},
 journal = {Org. Biomol. Chem.},
 pages = {7110--7126},
 title = {{C}onnecting the {C}onformational {B}ehavior of {C}yclic {O}ctadepsipeptides With Their {I}onophoric {P}roperty and {M}embrane {P}ermeability},
 volume = {18},
 year = {2020}
}

@article{Stodden2016,
 author = {Stodden, Victoria and McNutt, Marcia and Bailey, David H. and Deelman, Ewa and Gil, Yolanda and Hanson, Brooks and Heroux, Michael A. and Ioannidis, John P.A. and Taufer, Michela},
 journal = {Science.},
 pages = {1240--1241},
 title = {{E}nhancing {R}eproducibility for {C}omputational {M}ethods},
 volume = {354},
 year = {2016}
}

@article{Straatsma1991,
 author = {Straatsma, T. P. and McCammon, J. A.},
 journal = {J. Chem. Phys.},
 pages = {1175--1188},
 title = {{M}ulticonfiguration {T}hermodynamic {I}ntegration},
 volume = {95},
 year = {1991}
}

@article{Strauss1970,
 author = {Strauss, Herbert L and Pickett, Herbert M},
 journal = {J. Am. Chem. Soc.},
 pages = {7281--7290},
 title = {{C}onformational {S}tructure, {E}nergy, and {I}nversion {R}ates of {C}yclohexane and {S}ome {R}elated {O}xanes},
 volume = {92},
 year = {1970}
}

@article{Stroet2018,
 author = {Stroet, Martin and Caron, Bertrand and Visscher, Koen M. and Geerke, Daan P. and Malde, Alpeshkumar K. and Mark, Alan E.},
 journal = {J. Chem. Theory. Comput.},
 pages = {5834--5845},
 title = {{A}utomated {T}opology {B}uilder {V}ersion 3.0: {P}rediction of {S}olvation {F}ree {E}nthalpies in {W}ater and {H}exane},
 volume = {14},
 year = {2018}
}

@book{Stroustrup1995,
 author = {Stroustrup, Bjarne},
 edition = {4},
 publisher = {Addision-Wesley},
 title = {{T}he {C}++ {P}rogramming {L}anguage},
 year = {1995}
}

@article{Sugita1999,
 author = {Sugita, Yuji and Okamoto, Yuko},
 journal = {Chem. Phys. Lett.},
 pages = {141--151},
 title = {{R}eplica-{E}xchange {M}olecular {D}ynamics {M}ethod for {P}rotein {F}olding},
 volume = {314},
 year = {1999}
}

@article{Sugita2000,
 author = {Sugita, Yuji and Kitao, Akio and Okamoto, Yuko},
 journal = {J. Chem. Phys.},
 pages = {6042--6051},
 title = {{M}ultidimensional {R}eplica-{E}xchange {M}ethod for {F}ree-{E}nergy {C}alculations},
 volume = {113},
 year = {2000}
}

@article{Sugita2021,
 author = {Sugita, Masatake and Sugiyama, Satoshi and Fujie, Takuya and Yoshikawa, Yasushi and Yanagisawa, Keisuke and Ohue, Masahito and Akiyama, Yutaka},
 journal = {J. Chem. Inf. Model.},
 pages = {3681--3695},
 title = {{L}arge-{S}cale {M}embrane {P}ermeability {P}rediction of {C}yclic {P}eptides {C}rossing a {L}ipid {B}ilayer {B}ased on {E}nhanced {S}ampling {M}olecular {D}ynamics {S}imulations},
 volume = {61},
 year = {2021}
}

@article{Sui2007,
 author = { Sui, Q. and Borchardt, D. and Rabenstein, D. L.},
 journal = {J. Am. Chem. Soc.},
 pages = {12042},
 title = {{K}inetics and {E}quilibria of {C}is/{T}rans {I}somerization of {B}ackbone {A}mide {B}onds in {P}eptoids},
 volume = {129},
 year = {2007}
}

@article{Sun2018,
 author = {Sun, Qiming and Berkelbach, Timothy C. and Blunt, Nick S. and Booth, George H. and Guo, Sheng and Li, Zhendong and Liu, Junzi and McClain, James D. and Sayfutyarova, Elvira R. and Sharma, Sandeep and Wouters, Sebastian and Chan, Garnet Kin-Lic},
 journal = {Wire. Comput. Mol. Sci.},
 pages = {e1340},
 title = {{P}yS{C}F: {T}he {P}ython-{B}ased {S}imulations of {C}hemistry {F}ramework},
 volume = {8},
 year = {2018}
}

@article{Suruzhon2020,
 author = {Suruzhon, Miroslav and Senapathi, Tharindu and Bodnarchuk, Michael S. and Viner, Russell and Wall, Ian D. and Barnett, Christopher B. and Naidoo, Kevin J. and Essex, Jonathan W.},
 journal = {J. Chem. Inf. Model.},
 pages = {1917--1921},
 title = {{P}roto{C}aller: {R}obust {A}utomation of {B}inding {F}ree {E}nergy {C}alculations},
 volume = {60},
 year = {2020}
}

@article{Talirz2021,
 author = {Talirz, Leopold and Ghiringhelli, Luca M. and Smit, Berend},
 journal = {Living. J. Comput. Mol. Sci.},
 pages = {1483},
 title = {{T}rends in {A}tomistic {S}imulation {S}oftware {U}sage [{A}rticle {V}1.0]},
 volume = {3},
 year = {2021}
}

@article{Tembre1984,
 author = {Tembre, Bhalachandra L. and Mc Cammon, J.Andrew},
 journal = {Comput. Chem.},
 pages = {281--283},
 title = {{L}igand-{R}eceptor {I}nteractions},
 volume = {8},
 year = {1984}
}

@article{Thompson2022,
 author = {Thompson, Aidan P. and Aktulga, H. Metin and Berger, Richard and Bolintineanu, Dan S. and Brown, W. Michael and Crozier, Paul S. and in' t Veld, Pieter J. and Kohlmeyer, Axel and Moore, Stan G. and Nguyen, Trung Dac and Shan, Ray  and Stevens, Mark J. and Tranchida, Julien and Trott, Christian and Plimpton, Steven J.},
 journal = {Comput. Phys. Commun.},
 pages = {108171},
 title = {L{A}MM{P}S -- {A} Flexible {S}imulation {T}ool for {P}article-{B}ased {M}aterials {M}odeling at the {A}tomic, {M}eso, and {C}ontinuum {S}cales},
 volume = {271},
 year = {2022}
}

@inbook{Tielker2021,
 author = {Tielker, Nicolas and Eberlein, Lukas and Beckstein, Oliver and G{\"u}ssregen, Stefan and Iorga, Bogdan I. and Kast, Stefan M. and Liu, Shuai},
 booktitle = {Free Energy Methods in Drug Discovery: Current State and Future Directions},
 chapter = {3},
 pages = {67--107},
 publisher = {ACS Publications},
 title = {{P}erspective on the {S}AM{P}L and {D}3R {B}lind {P}rediction {C}hallenges for {P}hysics-{B}ased {F}ree {E}nergy {M}ethods},
 year = {2021}
}

@article{Tironi1994,
 author = { Tironi, I. G. and Van Gunsteren, W. F.},
 journal = {Mol. Phys.},
 pages = {381},
 title = {{A} Molecular {D}ynamics {S}imulation {S}tudy of {C}hloroform},
 volume = {83},
 year = {1994}
}

@article{Tironi1995,
 author = { Tironi, I. G. and Sperb, R. and Smith, P. E. and van Gunsteren, W. F.},
 journal = {J. Chem. Phys.},
 pages = {5451},
 title = {{A} Generalized {R}eaction {F}ield {M}ethod for {M}olecular {D}ynamics {S}imulations},
 volume = {102},
 year = {1995}
}

@article{Torchia1984,
 author = {Torchia, Dennis A.},
 journal = {Annu. Rev. Biophys. Bioeng.},
 pages = {125--144},
 title = {{S}olid {S}tate {NMR} {S}tudies of {P}rotein {I}nternal {D}ynamics},
 volume = {13},
 year = {1984}
}

@article{Tozzini2005,
 author = {Tozzini, Valentina},
 journal = {Curr. Opin. Struct. Biol.},
 pages = {144--150},
 title = {{C}oarse-{G}rained {M}odels for {P}roteins},
 volume = {15},
 year = {2005}
}

@article{Tuomi2018,
 author = {Tuomi, Pauliina
and Multisilta, Jari
and Saarikoski, Petri
and Suominen, Jaakko},
 journal = {Educ. Inf. Technol.},
 pages = {419--434},
 title = {{C}oding {S}kills as a {S}uccess {F}actor for a {S}ociety},
 volume = {23},
 year = {2018}
}

@article{Tyagi2018,
 author = { Tyagi, M. and Poongavanam, V. and Lindhagen, M. and Pettersen, A. and Sj{\"o}, P. and Schiesser, S. and Kihlberg, J.},
 journal = {Org. Lett.},
 pages = {5737},
 title = {{T}oward the {D}esign of {M}olecular {C}hameleons: {F}lexible {S}hielding of an {A}mide {B}ond {E}nhances {M}acrocycle {C}ell {P}ermeability},
 volume = {20},
 year = {2018}
}

@article{Valleau1972,
 author = {Valleau, J. P. and Card, D. N.},
 journal = {J. Chem. Phys.},
 pages = {5457--5462},
 title = {{M}onte {C}arlo {E}stimation of the {F}ree {E}nergy by {M}ultistage {S}ampling},
 volume = {57},
 year = {1972}
}

@article{Valleau1977,
 author = {Torrie, G. M and Valleau, J. P.},
 journal = {J. Comput. Phys.},
 pages = {187--199},
 title = {{N}onphysical {S}ampling {D}istributions in {M}onte {C}arlo {F}ree-{E}nergy {E}stimation: {U}mbrella {S}ampling},
 volume = {23},
 year = {1977}
}

@article{Vanderspoel2005,
 author = {van der Spoel, David and Lindahl, Erik and Hess, Berk and Groenhof, Gerrit and Mark, Alan E. and Berendsen, Herman J.C.},
 journal = {J. Comput. Chem.},
 pages = {1701--1718},
 title = {G{R}OM{A}CS: {F}ast, {F}lexible, and {F}ree},
 volume = {26},
 year = {2005}
}

@article{Vanderwalt2011,
 author = {Van Der Walt, St{\'e}fan and Colbert, S. Chris and Varoquaux, Ga{\"e}l},
 journal = {Comput. Sci. Eng.},
 pages = {22--30},
 title = {{T}he {N}um{P}y {A}rray: {A} Structure for {E}fficient {N}umerical {C}omputation},
 volume = {13},
 year = {2011}
}

@article{Vangunsteren1988,
 author = {van Gunsteren, W. F. and Berendsen, H. J.C.},
 journal = {Mol. Sim.},
 pages = {173--185},
 title = {{A} Leap-{F}rog {A}lgorithm for {S}tochastic {D}ynamics},
 volume = {1},
 year = {1988}
}

@article{Vanommeslaeghe2010,
 author = {Vanommeslaeghe, K.
and Hatcher, E.
and Acharya, C.
and Kundu, S.
and Zhong, S.
and Shim, J.
and Darian, E.
and Guvench, O.
and Lopes, P.
and Vorobyov, I.
and Mackerell Jr., A. D.},
 journal = {J. Comp. Chem.},
 pages = {671--690},
 title = {C{H}AR{M}M {G}eneral {F}orce {F}ield: {A} Force {F}ield for {D}rug-{L}ike {M}olecules {C}ompatible {W}ith the {C}HA{R}MM {A}ll-{A}tom {A}dditive {B}iological {F}orce {F}ields},
 volume = {31},
 year = {2010}
}

@misc{Vanrossum2009,
 address = {Scotts Valley, CA},
 author = {Van Rossum, Guido and Drake, Fred L.},
 publisher = {Create Space},
 title = {{P}ython 3 {R}eference {M}anual},
 year = {2009}
}

@article{Virtanen2020,
 author = {Virtanen, Pauli and Gommers, Ralf and Oliphant, Travis E. and Haberland, Matt and Reddy, Tyler and Cournapeau, David and Burovski, Evgeni and Peterson, Pearu and Weckesser, Warren and Bright, Jonathan and van der Walt, St{\'e}fan J. and Brett, Matthew and Wilson, Joshua and Millman, K. Jarrod and Mayorov, Nikolay and Nelson, Andrew R.J. and Jones, Eric and Kern, Robert and Larson, Eric and Carey, C. J. and Polat, {\. I}lhan and Feng, Yu and Moore, Eric W. and VanderPlas, Jake and Laxalde, Denis and Perktold, Josef and Cimrman, Robert and Henriksen, Ian and Quintero, E. A. and Harris, Charles R. and Archibald, Anne M. and Ribeiro, Ant{\^o}nio H. and Pedregosa, Fabian and van Mulbregt, Paul and Vijaykumar, Aditya and Bardelli, Alessandro Pietro and Rothberg, Alex and Hilboll, Andreas and Kloeckner, Andreas and Scopatz, Anthony and Lee, Antony and Rokem, Ariel and Woods, C. Nathan and Fulton, Chad and Masson, Charles and H{\"a}ggstr{\"o}m, Christian and Fitzgerald, Clark and Nicholson, David A. and Hagen, David R. and Pasechnik, Dmitrii V. and Olivetti, Emanuele and Martin, Eric and Wieser, Eric and Silva, Fabrice and Lenders, Felix and Wilhelm, Florian and Young, G. and Price, Gavin A. and Ingold, Gert Ludwig and Allen, Gregory E. and Lee, Gregory R. and Audren, Herv{\'e} and Probst, Irvin and Dietrich, J{\"o}rg P. and Silterra, Jacob and Webber, James T. and Slavi{\v c}, Janko and Nothman, Joel and Buchner, Johannes and Kulick, Johannes and Sch{\"o}nberger, Johannes L. and de Miranda Cardoso, Jos{\'e} Vin{\i}́cius and Reimer, Joscha and Harrington, Joseph and Rodr{\' g}uez, Juan Luis Cano and Nunez-Iglesias, Juan and Kuczynski, Justin and Tritz, Kevin and Thoma, Martin and Newville, Matthew and K{\"u}mmerer, Matthias and Bolingbroke, Maximilian and Tartre, Michael and Pak, Mikhail and Smith, Nathaniel J. and Nowaczyk, Nikolai and Shebanov, Nikolay and Pavlyk, Oleksandr and Brodtkorb, Per A. and Lee, Perry and McGibbon, Robert T. and Feldbauer, Roman and Lewis, Sam and Tygier, Sam and Sievert, Scott and Vigna, Sebastiano and Peterson, Stefan and More, Surhud and Pudlik, Tadeusz and Oshima, Takuya and Pingel, Thomas J. and Robitaille, Thomas P. and Spura, Thomas and Jones, Thouis R. and Cera, Tim and Leslie, Tim and Zito, Tiziano and Krauss, Tom and Upadhyay, Utkarsh and Halchenko, Yaroslav O. and V{\'a}zquez-Baeza, Yoshiki},
 journal = {Nat. Method.},
 pages = {261--272},
 title = {{S}ci{P}y 1.0: {F}undamental {A}lgorithms for {S}cientific {C}omputing in {P}ython},
 volume = {17},
 year = {2020}
}

@article{Voegeli2015,
 author = { V{\"o}geli, B. and Olsson, S. and Riek, R. and G{\"u}ntert, P.},
 journal = {Data. Br.},
 pages = {99},
 title = {{C}ompiled {D}ata {S}et of {E}xact {N}OE {D}istance {L}imits, {R}esidual {D}ipolar {C}ouplings and {S}calar {C}ouplings for the {P}rotein {G}B3},
 volume = {5},
 year = {2015}
}

@article{Vorherr2018,
 author = { Vorherr, T. and Lewis, I. and Berghausen, J. and Desrayaud, S. and Schaefer, M.},
 journal = {Int. J. Pept. Re. Ther.},
 pages = {35},
 title = {{M}odulation of {O}ral {B}ioavailability and {M}etabolism for {C}losely {R}elated {C}yclic {H}exapeptides},
 volume = {24},
 year = {2018}
}

@article{Wagner1997,
 author = {Wagner, G.},
 journal = {Nat. Struct.},
 pages = {841--844},
 title = {{A}n {A}ccount of {NMR} in {S}tructural {B}iology},
 volume = {4},
 year = {1997}
}

@article{Walters2013,
 author = {Walters, W. Patrick},
 journal = {J. Chem. Inf. Model.},
 pages = {1529--1530},
 title = {{M}odeling, {I}nformatics, and the {Q}uest for {R}eproducibility},
 volume = {53},
 year = {2013}
}

@article{Walters2020,
 author = {Walters, W. Patrick},
 journal = {J. Chem. Inf. Model.},
 pages = {4417--4420},
 title = {{C}ode {S}haring in the {O}pen {S}cience {E}ra},
 volume = {60},
 year = {2020}
}

@article{Wang2014,
 author = { Wang, C. K. and Northfield, S. E. and Colless, B. and Chaousis, S. and Hamernig, I. and Lohman, R.-J. and Nielsen, D. S. and Schroeder, C. I. and Liras, S. and Price, D. A. and Fairlie, D. P. and Craik, D. J.},
 journal = {Proc. Natl. Acad. Sci. USA.},
 pages = {17504},
 title = {{R}ational {D}esign and {S}ynthesis of an {O}rally {B}ioavailable {P}eptide {G}uided by {N}MR {A}mide {T}emperature {C}oefficients},
 volume = {111},
 year = {2014}
}

@article{Wang2015,
 author = {Wang, L. and Wu, Y. and Deng, Y. and Kim, B. and Pierce, L. and Krilov, G. and Lupyan, D. and Robinson, S. and Dahlgren, M. K. and Greenwood, J. and Romero, D. L. and Masse, C. and Knight, J. L. and Steinbrecher, T. and Beuming, T. and Damm, W. and Harder, E. and Sherman, W. and Brewer, M. and Wester, R. and Murcko, M. and Frye, L. and Farid, R. and Lin, T. and Mobley, D. L. and Jorgensen, W. L. and Berne, B. J. and Friesner, R. A. and Abel, R.},
 journal = {J. Am. Chem. Soc.},
 pages = {2695--2703},
 title = {{A}ccurate and {R}eliable {P}rediction of {R}elative {L}igand {B}inding {P}otency in {P}rospective {D}rug {D}iscovery by {W}ay of a {M}odern {F}ree-{E}nergy {C}alculation {P}rotocol and {F}orce {F}ield},
 volume = {137},
 year = {2015}
}

@article{Wang2017,
 author = {Wang, Lingle and Deng, Yuqing and Wu, Yujie and Kim, Byungchan and LeBard, David N and Wandschneider, Dan and Beachy, Mike and Friesner, Richard A and Abel, Robert},
 journal = {J. Chem. Theory. Comput.},
 pages = {42--54},
 title = {{A}ccurate {M}odeling of {S}caffold {H}opping {T}ransformations in {D}rug {D}iscovery},
 volume = {13},
 year = {2017}
}

@article{Wang2021,
 author = {Wang, Shuzhe and K{\"o}nig, Gerhard and Roth, Hans-J\"\rg and Fouch{\'e}, Marianne and Rodde, Stephane and Riniker, Sereina},
 journal = {J. Med. Chem.},
 pages = {12761--12773},
 title = {{E}ffect of {F}lexibility, {L}ipophilicity, and the {L}ocation of {P}olar {R}esidues on the {P}assive {M}embrane {P}ermeability of a {S}eries of {C}yclic {D}ecapeptides},
 volume = {64},
 year = {2021}
}

@article{Watson1953,
 author = {Watson, J. D.
and Crick, F. H. C.},
 journal = {Nature.},
 pages = {737--738},
 title = {{M}olecular {S}tructure of {N}ucleic {A}cids: {A} Structure for {D}eoxyribose {N}ucleic {A}cid},
 volume = {171},
 year = {1953}
}

@article{Weiner1981,
 author = {Weiner, Paul K and Kollman, Peter A},
 journal = {J. Comput. Chem.},
 pages = {287--303},
 title = {A{M}BE{R}: {A}ssisted {M}odel {B}uilding {W}ith {E}nergy {R}efinement. {A} General {P}rogram for {M}odeling {M}olecules and {T}heir {I}nteractions},
 volume = {2},
 year = {1981}
}

@article{Weiner1984,
 author = {Weiner, Scott J. and Kollman, Peter A. and Case, David A. and Singh, U. Chandra and Ghio, Caterina and Alagona, Guliano and Profeta, Salvatore and Weiner, Paul},
 journal = {J. Am. Chem. Soc.},
 pages = {765--784},
 title = {{A} New {F}orce {F}ield for {M}olecular {M}echanical {S}imulation of {N}ucleic {A}cids and {P}roteins},
 volume = {106},
 year = {1984}
}

@article{Weiss2016,
 author = {Wei{\ss}, R. Gregor and Setny, Piotr and Dzubiella, Joachim},
 journal = {J. Phys. Chem. B.},
 pages = {8127--8136},
 title = {{S}olvent {F}luctuations {I}nduce {N}on-{M}arkovian {K}inetics in {H}ydrophobic {P}ocket-{L}igand {B}inding},
 volume = {120},
 year = {2016}
}

@article{Weiss2021,
 author = {Wei{\ss},R. Gregor  and Ries,Benjamin  and Wang,Shuzhe  and Riniker,Sereina },
 journal = {J. Chem. Phys.},
 pages = {084106},
 title = {{V}olume-{S}caled {C}ommon {N}earest {N}eighbor {C}lustering {A}lgorithm {W}ith {F}ree-{E}nergy {H}ierarchy},
 volume = {154},
 year = {2021}
}

@misc{Wenzel2011,
 author = {Wenzel, Jakob and Rhinelander, Jason and Moldovan, Dean},
 title = {{P}ybind11 -- {S}eamless {O}perability {B}etween {C}++11 and {P}ython},
 year = {2017}
}

@misc{Wenzel2017,
 author = {Wenzel Jakob and Jason Rhinelander and Dean Moldovan},
 note = {https://github.com/pybind/pybind11},
 title = {{P}ybind11 -- {S}eamless {O}perability {B}etween {C}++11 and {P}ython},
 year = {2017}
}

@article{White2011,
 author = { White, T. R. and Renzelman, C. M. and Rand, A. C. and Rezai, T. and McEwen, C. M. and Gelev, V. M. and Turner, R. A. and Linington, R. G. and Leung, S. S. F. and Kalgutkar, A. S. and Bauman, J. N. and Zhang, Y. and Liras, S. and Price, D. A. and Mathiowetz, A. M. and Jacobson, M. P. and Lokey, R. S.},
 journal = {Nat. Chem. Biol.},
 pages = {810},
 title = {{O}n-{R}esin {N}-Methylation of {C}yclic {P}eptides for {D}iscovery of {O}rally {B}ioavailable {S}caffolds},
 volume = {7},
 year = {2011}
}

@article{Whitty2016,
 author = {Whitty, Adrian and Zhong, Mengqi and Viarengo, Lauren and Beglov, Dmitri and Hall, David R and Vajda, Sandor},
 journal = {Drug. Discov. Today.},
 pages = {712--717},
 title = {{Q}uantifying the {C}hameleonic {P}roperties of {M}acrocycles and {O}ther {H}igh-{M}olecular-{W}eight {D}rugs},
 volume = {21},
 year = {2016}
}

@article{Witek,
 author = {Witek, Jagna and Wang, Shuzhe and Schroeder, Benjamin and Lingwood, Robin and Dounas, Andreas and Roth, Hans-J{\"o}rg and Fouch{\`e}, Marianne and Blatter, Markus and Lemke, Oliver and Keller, Bettina and Riniker, Sereina},
 journal = {J. Chem. Inf. Model.},
 pages = {294--308},
 title = {{R}ationalization of the {M}embrane {P}ermeability {D}ifferences in a {S}eries of {A}nalogue {C}yclic {D}ecapeptides},
 volume = {59},
 year = {2019}
}

@article{Witek2016,
 author = {Witek, Jagna and Keller, Bettina G. and Blatter, Markus and Meissner, Axel and Wagner, Trixie and Riniker, Sereina},
 journal = {J. Chem. Inf. Model.},
 pages = {1547--1562},
 title = {{K}inetic {M}odels of {C}yclosporin {A} in {P}olar and {A}polar {E}nvironments {R}eveal {M}ultiple {C}ongruent {C}onformational {S}tates},
 volume = {56},
 year = {2016}
}

@article{Witek2017,
 author = { Witek, J. and M{\"u}hlbauer, M. and Keller, B. G. and Blatter, M. and Meissner, A. and Wagner, T. and Riniker, S.},
 journal = {ChemPhysChem.},
 pages = {3309},
 title = {{I}nterconversion {R}ates {B}etween {C}onformational {S}tates as {R}ationale for the {M}embrane {P}ermeability of {C}yclosporines},
 volume = {18},
 year = {2017}
}

@article{Witek2019,
 author = { Witek, J. and Wang, S. and Schroeder, B. and Lingwood, R. and Dounas, A. and Roth, H. J. and Fouch{\'e}, M. and Blatter, M. and Lemke, O. and Keller, B. and Riniker, S.},
 journal = {J. Chem. Inf. Model.},
 pages = {294},
 title = {{R}ationalization of the {M}embrane {P}ermeability {D}ifferences in a {S}eries of {A}nalogue {C}yclic {D}ecapeptides},
 volume = {59},
 year = {2019}
}

@article{Wolfenden1987,
 author = {Wolfenden, Richard and Liang, Yu Lan and Matthews, Margaret and Williams, Richard},
 journal = {J. Am. Chem. Soc.},
 pages = {463--466},
 title = {{C}ooperativity and {A}nticooperativity in {S}olvation by {W}ater: {I}midazoles, {Q}uinones, {N}itrophenols, {N}itrophenolate, and {N}itrothiophenolate {I}ons},
 volume = {109},
 year = {1987}
}

@article{Wuthrich1975,
 author = {W{\"u}thrich, K. and Wagner, G.},
 journal = {FEBS Lett.},
 pages = {265--268},
 title = {{NMR} {I}nvestigations of the {D}ynamics of the {A}romatic {A}mino {A}cid {R}esidues in the {B}asic {P}ancreatic {T}rypsin {I}nhibitor},
 volume = {50},
 year = {1975}
}

@article{Xiong2006,
 author = {Xiong, Hui
and Crespo, Alejandro
and Marti, Marcelo
and Estrin, Dario
and Roitberg, Adrian E.},
 journal = {Theor. Chem. Acc.},
 pages = {338--346},
 title = {{F}ree {E}nergy {C}alculations {W}ith {N}on-{E}quilibrium {M}ethods: {A}pplications of the {J}arzynski {R}elationship},
 volume = {116},
 year = {2006}
}

@article{Yamauchi2017,
 author = {Yamauchi, Masataka and Okumura, Hisashi},
 journal = {J. Chem. Phys.},
 pages = {184107},
 title = {{D}evelopment of {I}sothermal-{I}sobaric {R}eplica-{P}ermutation {M}ethod for {M}olecular {D}ynamics and {M}onte {C}arlo {S}imulations and {I}ts {A}pplication to {R}eveal {T}emperature and {P}ressure {D}ependence of {F}olded, {M}isfolded, and {U}nfolded {S}tates of {C}hignolin},
 volume = {147},
 year = {2017}
}

@article{Yang2020,
 author = {Yang, Q. and Burchett, W. and Steeno, G. S. and Liu, S. and Yang, M. and Mobley, D. L. and Hou, X.},
 journal = {J. Comput. Chem.},
 pages = {247--257},
 title = {{O}ptimal {D}esigns for {P}airwise {C}alculation: {A}n {A}pplication to {F}ree {E}nergy {P}erturbation in {M}inimizing {P}rediction {V}ariability},
 volume = {41},
 year = {2020}
}

@article{Ytreberg2006,
 author = {Ytreberg, F. Marty and Zuckerman, Daniel M.},
 journal = {J. Chem. Phys.},
 pages = {1--9},
 title = {{S}imple {E}stimation of {A}bsolute {F}ree {E}nergies for {B}iomolecules},
 volume = {124},
 year = {2006}
}

@article{Yu2017,
 author = {Yu, Haoyu S. and Deng, Yuqing and Wu, Yujie and Sindhikara, Dan and Rask, Amy R. and Kimura, Takayuki and Abel, Robert and Wang, Lingle},
 journal = {J. Chem. Theory. Comput.},
 pages = {6290--6300},
 title = {{A}ccurate and {R}eliable {P}rediction of the {B}inding {A}ffinities of {M}acrocycles to {T}heir {P}rotein {T}argets},
 volume = {13},
 year = {2017}
}

@article{Zhao2015,
 author = {Zhao, Hongtao and Caflisch, Amedeo},
 journal = {Eur. J. Med. Chem.},
 pages = {4--14},
 title = {{M}olecular {D}ynamics in {D}rug {D}esign},
 volume = {91},
 year = {2015}
}

@article{Zorzi2017,
 author = {Zorzi, Alessandro and Deyle, Kaycie and Heinis, Christian},
 journal = {Curr. Opin. Chem. Biology.},
 pages = {24--29},
 title = {{C}yclic {P}eptide {T}herapeutics: {P}ast, {P}resent and {F}uture},
 volume = {38},
 year = {2017}
}

@article{Zwanzig1954,
 author = {Zwanzig, Robert W},
 journal = {J. Chem. Phys.},
 pages = {1420--1426},
 title = {{H}igh-{T}emperature {E}quation of {S}tate by a {P}ertubation {M}ethod. {I}. {N}onpolar {G}ases},
 volume = {22},
 year = {1954}
}

