@article{Barros202255,
 author = {Barros, Emilia P. and Ries, Benjamin and B\"oselt, Lennard and Champion, Candide and Riniker, Sereina},
 journal = {Curr. Opin. Struct. Biology.},
 pages = {55--62},
 title = {Recent Developments in Multiscale Free Energy Simulations},
 volume = {72},
 year = {2022}
}

@article{Comeau2021,
 author = {Comeau, Christian and Ries, Benjamin and Stadelmann, Thomas and Tremblay, Jacob and Poulet, Sylvain and Fr\"ohlich, Ulrike and C\^{o}t\`e, J\`er\^{o}me and Boudreault, Pierre-Luc and Derbali, Rabeb Mouna and Sarret, Philippe and Grandbois, Michel and Leclair, Gr\`egoire and Riniker, Sereina and Marsault, Éric},
 journal = {J. Med. Chem.},
 pages = {5365--5383},
 title = {Modulation of the Passive Permeability of Semipeptidic Macrocycles: N- And C-Methylations Fine-Tune Conformation and Properties},
 volume = {64},
 year = {2021}
}

@article{Koenig2020,
 author = {K\"onig, Gerhard and Glaser, Nina and Schroeder, Benjamin and Kubincová, Alžbeta and H\"unenberger, Philippe H. and Riniker, Sereina},
 journal = {J. Chem. Inf. Model.},
 pages = {5407--5423},
 title = {An Alternative to Conventional Λ-Intermediate States in Alchemical Free Energy Calculations: Λ-Enveloping Distribution Sampling},
 volume = {60},
 year = {2020}
}

@article{Koenig2021,
 author = {K\"onig, Gerhard and Ries, Benjamin and H\"unenberger, Philippe H. and Riniker, Sereina},
 journal = {J. Chem. Theory. Comput.},
 pages = {5805--5815},
 title = {Efficient Alchemical Intermediate States in Free Energy Calculations Using Λ-Enveloping Distribution Sampling},
 volume = {17},
 year = {2021}
}

@article{Linker2021,
 author = {Linker, Stephanie M. and Wang, Shuzhe and Ries, Benjamin and Stadelmann, Thomas and Riniker, Sereina},
 journal = {CHIM. Int. J. Chem.},
 pages = {518--521},
 title = {Passing the Barrier How Computer Simulations Can Help to Understand and Improve the Passive Membrane Permeability of Cyclic Peptides},
 volume = {75},
 year = {2021}
}

@article{Ries2021,
 author = {Ries, Benjamin and Linker, Stephanie M. and Hahn, David F. and K\"onig, Gerhard and Riniker, Sereina},
 journal = {J. Chem. Inf. Model.},
 pages = {560--564},
 title = {Ensembler: A Simple Package for Fast Prototyping and Teaching Molecular Simulations},
 volume = {61},
 year = {2021}
}

@article{Ries2022,
 author = {Ries, Benjamin and Normak, Karl and Wei\ss,  R. G. and Rieder, S. and  Candide, C. and K\"onig, G. and Riniker, S. },
 journal = {J. Comput. Mol.},
 pages = {in press},
 title = {Relative Free-Energy Calculations for Scaffold Hopping-Type Transformations With an Automated RE-EDS Sampling Procedure},
 volume = {-},
 year = {2022}
}

@article{Ries2022A,
 author = {Ries$^\dag$, Benjamin and Rieder$^\dag$, Salom{\' e} and Rhiner, C. and H\"unenberger, Philippe H. and Riniker, S.},
 journal = {J. Comput. Mol.},
 pages = {submitted},
 title = {A Graph-Based Approach to the Restraint Problem in Dual Topology Approaches With RestraintMaker},
 volume = {-},
 year = {2022}
}

@article{Weiss2021,
 author = {Wei{\ss},R. Gregor  and Ries,Benjamin  and Wang,Shuzhe  and Riniker,Sereina },
 journal = {J. Chem. Phys.},
 pages = {084106},
 title = {Volume-Scaled Common Nearest Neighbor Clustering Algorithm With Free-Energy Hierarchy},
 volume = {154},
 year = {2021}
}

@article{Witek,
 author = {Witek, Jagna and Wang, Shuzhe and Schroeder, Benjamin and Lingwood, Robin and Dounas, Andreas and Roth, Hans-J\"org and Fouch\`e, Marianne and Blatter, Markus and Lemke, Oliver and Keller, Bettina and Riniker, Sereina},
 journal = {J. Chem. Inf. Model.},
 pages = {294--308},
 title = {Rationalization of the Membrane Permeability Differences in a Series of Analogue Cyclic Decapeptides},
 volume = {59},
 year = {2019}
}

