
@article{Abdalla2018,
 author = { Abdalla, M. A. and McGaw, L. J.},
 journal = {Molecules},
 pages = {2080},
 title = {{N}atural {C}yclic {P}eptides as an {A}ttractive {M}odality for {T}herapeutics: {A} Mini {R}eview},
 volume = {},
 year = {2018}
}

@article{Alex2011,
 author = { Alex, A. and Millan, D. S. and Perez, M. and Wakenhut, F. and Whitlock, G. A.},
 journal = {MedChemComm},
 pages = {669},
 title = {{I}ntramolecular {H}ydrogen {B}onding to {I}mprove {M}embrane {P}ermeability and {A}bsorption in beyond {R}ule of {F}ive {C}hemical {S}pace},
 volume = {2},
 year = {2011}
}

@article{Appavoo2019,
 author = { Appavoo, S. D. and Huh, S. and Diaz, D. B. and Yudin, A. K.},
 journal = {Chem. Rev.},
 pages = {9724},
 title = {{C}onformational {C}ontrol of {M}acrocycles by {R}emote {S}tructural {M}odification},
 volume = {},
 year = {2019}
}

@article{Balazs2019,
 author = { Balazs, A. Y. S. and Carbajo, R. J. and Davies, N. L. and Dong, Y. and Hird, A. W. and Johannes, J. W. and Lamb, M. L. and McCoull, W. and Raubo, P. and Robb, G. R. and Packer, M. J. and Chiarparin, E.},
 journal = {J. Med. Chem.},
 pages = {9418},
 title = {{F}ree {L}igand 1{D} N{M}R {C}onformational {S}ignatures to {E}nhance {S}tructure {B}ased {D}rug {D}esign of a {M}cl-1 {I}nhibitor ({A}ZD5991) and {O}ther {S}ynthetic {M}acrocycles},
 volume = {62},
 year = {2019}
}

@article{Beck2012,
 author = { Beck, J. G. and Chatterjee, J. and Laufer, B. and Kiran, M. U. and Frank, A. O. and Neubauer, S. and Ovadia, O. and Greenberg, S. and Gilon, C. and Hoffman, A. and Kessler, H.},
 journal = {J. Am. Chem. Soc.},
 pages = {12125},
 title = {{I}ntestinal {P}ermeability of {C}yclic {P}eptides: {C}ommon {K}ey {B}ackbone {M}otifs {I}dentified},
 volume = {134},
 year = {2012}
}

@inbook{Berendsen1981,
 address = {Dordrecht, The Netherlands},
 author = {H. J. C. Berendsen and J. P. M. Postma and W. F. van Gunsteren and J. Hermans},
 booktitle = {Intermolecular Forces},
 pages = {331--342},
 publisher = {Reidel},
 title = {{I}nteraction {M}odels for {W}ater in {R}elation to {P}rotein {H}ydration},
 year = {1981}
}

@article{Berendsen1984,
 author = { Berendsen, H. J. C. and Postma, J. P. M. and van Gunsteren, W. F. and DiNola, A. and Haak, J. R.},
 journal = {J. Chem. Phys.},
 pages = {3684},
 title = {{M}olecular {D}ynamics with {C}oupling to an {E}xternal {B}ath},
 volume = {81},
 year = {1984}
}

@article{Biron2008,
 author = { Biron, E. and Chatterjee, J. and Ovadia, O. and Langenegger, D. and Brueggen, J. and Hoyer, D. and Schmid, H. A. and Jelinek, R. and Gilon, C. and Hoffman, A. and Kessler, H.},
 journal = {Angew. Chem., Int. Ed.},
 pages = {2595},
 title = {{I}mproving {O}ral {B}ioavailability of {P}eptides by {M}ultiple {N}-Methylation: {S}omatostatin {A}nalogues},
 volume = {47},
 year = {2008}
}

@article{Bockus2015,
 author = { Bockus, A. T. and Schwochert, J. A. and Pye, C. R. and Townsend, C. E. and Sok, V. and Bednarek, M. A. and Lokey, R. S.},
 journal = {J. Med. Chem.},
 pages = {7409},
 title = {{G}oing {O}ut on a {L}imb: {D}elineating the {E}ffects of \beta -{B}ranching, {N}-Methylation, and {S}ide {C}hain {S}ize on the {P}assive {P}ermeability, {S}olubility, and {F}lexibility of {S}anguinamide {A} Analogues},
 volume = {58},
 year = {2015}
}

@article{Ch√®ne2006,
 author = { Ch{\`e}ne, P.},
 journal = {ChemMedChem},
 pages = {400},
 title = {{D}rugs {T}argeting {P}rotein-{P}rotein {I}nteractions},
 volume = {1},
 year = {2006}
}

@article{Culf2010,
 author = { Culf, A. S. and Ouellette, R. J.},
 journal = {Molecules},
 pages = {5282},
 title = {{S}olid-{P}hase {S}ynthesis of {N}-Substituted {G}lycine {O}ligomers (\alpha -{P}eptoids) and {D}erivatives},
 volume = {15},
 year = {2010}
}

@article{Danelius2020,
 author = { Danelius, E. and Poongavanam, V. and Peintner, S. and Wieske, L. H. E. and Erd{\'e}lyi, M. and Kihlberg, J.},
 journal = {Chem. \textendash  Eur. J.},
 pages = {5231},
 title = {{S}olution {C}onformations {E}xplain the {C}hameleonic {B}ehaviour of {M}acrocyclic {D}rugs},
 volume = {26},
 year = {2020}
}

@misc{Delano2020,
 author = {Schrodinger, LLC and Warren DeLano},
 date = {2020-05-20},
 title = {{P}yM{O}L},
 url = {http://www.pymol.org/pymol},
 version = {2.4.0}
}

@book{Di2015,
 author = {Di, Li and Kerns, Edward},
 publisher = {Academic press},
 title = {{D}rug-like properties: concepts, structure design and methods from {A}DM{E} to toxicity optimization},
 year = {2015}
}

@article{Dougherty2017,
 author = { Dougherty, P. G. and Qian, Z. and Pei, D.},
 journal = {Biochem. J.},
 pages = {1109},
 title = {{M}acrocycles as {P}rotein\textendash {P}rotein {I}nteraction {I}nhibitors},
 volume = {},
 year = {2017}
}

@article{Driggers2008,
 author = { Driggers, E. M. and Hale, S. P. and Lee, J. and Terrett, N. K.},
 journal = {Nat. Rev. Drug Discovery},
 pages = {608},
 title = {{T}he {E}xploration of {M}acrocycles for {D}rug {D}iscovery--an {U}nderexploited {S}tructural {C}lass},
 volume = {7},
 year = {2008}
}

@article{Eichenberger2011,
 author = { Eichenberger, A. P. and Allison, J. R. and Dolenc, J. and Geerke, D. P. and Horta, B. A. C. and Meier, K. and Oostenbrink, C. and Schmid, N. and Steiner, D. and Wang, D. and Van Gunsteren, W. F.},
 journal = {J. Chem. Theory Comput.},
 pages = {3379},
 title = {G{R}OM{O}S++ {S}oftware for the {A}nalysis of {B}iomolecular {S}imulation {T}rajectories},
 volume = {7},
 year = {2011}
}

@article{Fosgerau2015,
 author = { Fosgerau, K. and Hoffmann, T.},
 journal = {Drug Discovery Today},
 pages = {122},
 title = {{P}eptide {T}herapeutics: {C}urrent {S}tatus and {F}uture {D}irections},
 volume = {20},
 year = {2015}
}

@article{Giordanetto2014,
 author = { Giordanetto, F. and Kihlberg, J.},
 journal = {J. Med. Chem.},
 pages = {278},
 title = {{M}acrocyclic {D}rugs and {C}linical {C}andidates: {W}hat {C}an {M}edicinal {C}hemists {L}earn from {T}heir {P}roperties?},
 volume = {57},
 year = {2014}
}

@article{Gunsteren1988,
 author = { Van Gunsteren, W. F. and Berendsen, H. J. C.},
 journal = {Mol. Simul.},
 pages = {173},
 title = {{A} Leap-{F}rog {A}lgorithm for {S}tochastic {D}ynamics},
 volume = {1},
 year = {1988}
}

@article{Hawkins2010,
 author = { Hawkins, P. C. D. and Skillman, A. G. and Warren, G. L. and Ellingson, B. A. and Stahl, M. T.},
 journal = {J. Chem. Inf. Model.},
 pages = {572},
 title = {{C}onformer {G}eneration with {O}ME{G}A: {A}lgorithm and {V}alidation {U}sing {H}igh {Q}uality {S}tructures from the {P}rotein {D}atabank and {C}ambridge {S}tructural {D}atabase},
 volume = {50},
 year = {2010}
}

@article{Hawkins2012,
 author = { Hawkins, P. C. D. and Nicholls, A.},
 journal = {J. Chem. Inf. Model.},
 pages = {2919},
 title = {{C}onformer {G}eneration with {O}ME{G}A: {L}earning from the {D}ata {S}et and the {A}nalysis of {F}ailures},
 volume = {52},
 year = {2012}
}

@article{Heinz2001,
 author = { Heinz, T. N. and Van Gunsteren, W. F. and H{\"u}nenberger, P. H.},
 journal = {J. Chem. Phys.},
 pages = {1125},
 title = {{C}omparison of {F}our {M}ethods to {C}ompute the {D}ielectric {P}ermittivity of {L}iquids from {M}olecular {D}ynamics {S}imulations},
 volume = {115},
 year = {2001}
}

@article{Hewitt2015,
 author = {Hewitt, William M. and Leung, Siegfried S. F. and Pye, Cameron R. and Ponkey, Alexandra R. and Bednarek, Maria and Jacobson, Matthew P. and Lokey, R. Scott},
 journal = {J. Am. Chem. Soc.},
 pages = {715--721},
 title = {{C}ell-{P}ermeable {C}yclic {P}eptides from {S}ynthetic {L}ibraries {I}nspired by {N}atural {P}roducts},
 volume = {137},
 year = {2015}
}

@book{Hockney1970,
 author = {Hockney, R. W.},
 publisher = {Methods Comput. Phys.},
 title = {{T}he {P}otential {C}alculation and {S}ome {A}pplications},
 year = {1970}
}

@article{Hoveyda2011,
 author = { Hoveyda, H. R. and Marsault, E. and Gagnon, R. and Mathieu, A. P. and V{\'e}zina, M. and Landry, A. and Wang, Z. and Benakli, K. and Beaubien, S. and Saint-Louis, C. and Brassard, M. and Pinault, J. F. and Ouellet, L. and Bhat, S. and Ramaseshan, M. and Peng, X. and Foucher, L. and Beauchemin, S. and Bh{\'e}rer, P. and Veber, D. F. and Peterson, M. L. and Fraser, G. L.},
 journal = {J. Med. Chem.},
 pages = {8305},
 title = {{O}ptimization of the {P}otency and {P}harmacokinetic {P}roperties of a {M}acrocyclic {G}hrelin {R}eceptor {A}gonist ({P}art {I}): {D}evelopment of {U}limorelin ({T}ZP-101) from {H}it to {C}linic},
 volume = {54},
 year = {2011}
}

@article{Janin2008,
 author = { Janin, J. and Bahadur, R. P. and Chakrabarti, P.},
 journal = {Q. Rev. Biophys.},
 pages = {133},
 title = {{P}rotein-{P}rotein {I}nteraction and {Q}uaternary {S}tructure},
 volume = {41},
 year = {2008}
}

@article{Keller2010,
 author = { Keller, B. and Daura, X. and Van Gunsteren, W. F.},
 journal = {J. Chem. Phys.},
 pages = {074110},
 title = {{C}omparing {G}eometric and {K}inetic {C}luster {A}lgorithms for {M}olecular {S}imulation {D}ata},
 volume = {132},
 year = {2010}
}

@article{Kotz1998,
 author = { Kotz, S. and Johnson, N. L.},
 journal = {Technometrics},
 pages = {165},
 title = {{B}reakthroughs in {S}tatistics, {V}olume {I}II},
 volume = {40},
 year = {1998}
}

@article{Mallinson2012,
 author = { Mallinson, J. and Collins, I.},
 journal = {Future Med. Chem.},
 pages = {1409},
 title = {{M}acrocycles in {N}ew {D}rug {D}iscovery},
 volume = {4},
 year = {2012}
}

@article{Marsault2007,
 author = { Marsault, E. and Benakli, K. and Beaubien, S. and Saint-Louis, C. and D{\'e}ziel, R. and Fraser, G.},
 journal = {Bioorg. Med. Chem. Lett.},
 pages = {4187},
 title = {{P}otent {M}acrocyclic {A}ntagonists to the {M}otilin {R}eceptor {P}resenting {N}ovel {U}nnatural {A}mino {A}cids},
 volume = {17},
 year = {2007}
}

@article{Marsault2011,
 author = { Marsault, E. and Peterson, M. L.},
 journal = {J. Med. Chem.},
 pages = {1961},
 title = {{M}acrocycles {A}re {G}reat {C}ycles: {A}pplications, {O}pportunities, and {C}hallenges of {S}ynthetic {M}acrocycles in {D}rug {D}iscovery},
 volume = {54},
 year = {2011}
}

@book{Marsault2017,
 author = {Marsault, E. and  Peterson, M. L.},
 edition = {1},
 publisher = {John Wiley \& Sons, Inc. },
 title = {{P}ractical {M}edicinal {C}hemistry with {M}acrocycles: {D}esign, {S}ynthesis, and {C}ase {S}tudies},
 year = {2017}
}

@article{Mcgibbon2015,
 author = { McGibbon, R. T. and Beauchamp, K. A. and Harrigan, M. P. and Klein, C. and Swails, J. M. and Hern{\'a}ndez, C. X. and Schwantes, C. R. and Wang, L. P. and Lane, T. J. and Pande, V. S.},
 journal = {Biophys. J.},
 pages = {1528},
 title = {M{D}Traj: {A} Modern {O}pen {L}ibrary for the {A}nalysis of {M}olecular {D}ynamics {T}rajectories},
 volume = {109},
 year = {2015}
}

@article{Modell2016,
 author = { Modell, A. E. and Blosser, S. L. and Arora, P. S.},
 journal = {Trends Pharmacol. Sci.},
 pages = {702},
 title = {{S}ystematic {T}argeting of {P}rotein-{P}rotein {I}nteractions {A}pproaches to {T}argeting {P}rotein-{P}rotein {I}nteractions},
 volume = {37},
 year = {2016}
}

@article{Molgedey1994,
 author = { Molgedey, L. and Schuster, H. G.},
 journal = {Phys. Rev. Lett.},
 pages = {3634},
 title = {{S}eparation of a {M}ixture of {I}ndependent {S}ignals {U}sing {T}ime {D}elayed {C}orrelations},
 volume = {72},
 year = {1994}
}

@article{Naylor2017,
 author = { Naylor, M. R. and Bockus, A. T. and Blanco, M. J. and Lokey, R. S.},
 journal = {Curr. Opin. Chem. Biol.},
 pages = {141},
 title = {{C}yclic {P}eptide {N}atural {P}roducts {C}hart the {F}rontier of {O}ral {B}ioavailability in the {P}ursuit of {U}ndruggable {T}argets},
 volume = {38},
 year = {2017}
}

@article{Karplus2002,
 author = {Karplus, Martin and McCammon, J Andrew},
 journal = {Nature Structural Biology},
 pages = {646--652},
 title = {{M}olecular dynamics simulations of biomolecules},
 volume = {9},
 year = {2002}
}

@article{Nielsen2014,
 author = { Nielsen, D. S. and Hoang, H. N. and Lohman, R. J. and Hill, T. A. and Lucke, A. J. and Craik, D. J. and Edmonds, D. J. and Griffith, D. A. and Rotter, C. J. and Ruggeri, R. B. and Price, D. A. and Liras, S. and Fairlie, D. P.},
 journal = {Angew. Chem., Int. Ed.},
 pages = {12059},
 title = {{I}mproving on {N}ature: {M}aking a {C}yclic {H}eptapeptide {O}rally {B}ioavailable},
 volume = {53},
 year = {2014}
}

@article{Over2016,
 author = { Over, B. and Matsson, P. and Tyrchan, C. and Artursson, P. and Doak, B. C. and Foley, M. A. and Hilgendorf, C. and Johnston, S. E. and Lee, M. D. and Lewis, R. J. and McCarren, P. and Muncipinto, G. and Norinder, U. and Perry, M. W. D. and Duvall, J. R. and Kihlberg, J.},
 journal = {Nat. Chem. Biol.},
 pages = {1065},
 title = {{S}tructural and {C}onformational {D}eterminants of {M}acrocycle {C}ell {P}ermeability},
 volume = {},
 year = {2016}
}

@article{Peraro2018,
 author = { Peraro, L. and Kritzer, J. A.},
 journal = {Angew. Chem., Int. Ed.},
 pages = {11868},
 title = {{E}merging {M}ethods and {D}esign {P}rinciples for {C}ell-{P}enetrant {P}eptides},
 volume = {57},
 year = {2018}
}

@article{Poongavanam2018,
 author = { Poongavanam, V. and Danelius, E. and Peintner, S. and Alcaraz, L. and Caron, G. and Cummings, M. D. and Wlodek, S. and Erdelyi, M. and Hawkins, P. C. D. and Ermondi, G. and Kihlberg, J.},
 journal = {ACS Omega},
 pages = {11742},
 title = {{C}onformational {S}ampling of {M}acrocyclic {D}rugs in {D}ifferent {E}nvironments: {C}an {W}e {F}ind the {R}elevant {C}onformations?},
 volume = {3},
 year = {2018}
}

@article{Rezai2006,
 author = { Rezai, T. and Yu, B. and Millhauser, G. L. and Jacobson, M. P. and Lokey, R. S.},
 journal = {J. Am. Chem. Soc.},
 pages = {2510},
 title = {{T}esting the {C}onformational {H}ypothesis of {P}assive {M}embrane {P}ermeability {U}sing {S}ynthetic {C}yclic {P}eptide {D}iastereomers},
 volume = {128},
 year = {2006}
}

@article{Riniker2019,
 author = { Riniker, S.},
 journal = {Future Med. Chem.},
 pages = {637},
 title = {{T}oward the {E}lucidation of the {M}echanism for {P}assive {M}embrane {P}ermeability of {C}yclic {P}eptides},
 volume = {11},
 year = {2019}
}

@article{Roux2020,
 author = { Le Roux, A. and Blaise, E. and Boudreault, P.-L. and Comeau, C. and Doucet, A. and Giarrusso, M. and Collin, M.-P. and Neubauer, T. and Koelling, F. and G{\"o}ller, A. H. and Seep, L. and Tshitenge, D. T. and Wittwer, M. and Kullmann, M. and Hillisch, A. and Mittendorf, J. and Marsault, {\'E}.},
 journal = {J. Med. Chem.},
 pages = {6774},
 title = {{S}tructure-{P}ermeability {R}elationship of {S}emi-{P}eptidic {M}acrocycles \textendash  {U}nderstanding and {O}ptimizing {P}assive {P}ermeability and {E}fflux {R}atio},
 volume = {},
 year = {2020}
}

@article{Ruder2016,
 author = {S. Ruder},
 journal = {arXiv preprint},
 pages = {arXiv:1609.04747},
 title = {{A}n {O}verview of {G}radient {D}escent {O}ptimization {A}lgorithms},
 volume = {abs/1609.04747},
 year = {2016}
}

@article{Ryckaert1977,
 author = { Ryckaert, J. P. and Ciccotti, G. and Berendsen, H. J. C.},
 journal = {J. Comput. Phys.},
 pages = {327},
 title = {{N}umerical {I}ntegration of the {C}artesian {E}quations of {M}otion of a {S}ystem with {C}onstraints: {M}olecular {D}ynamics of n-{A}lkanes},
 volume = {23},
 year = {1977}
}

@article{R√§der2018,
 author = { R{\"a}der, A. F. B. and Reichart, F. and Weinm{\"u}ller, M. and Kessler, H.},
 journal = {Bioorg. Med. Chem.},
 pages = {2766},
 title = {{I}mproving {O}ral {B}ioavailability of {C}yclic {P}eptides by {N}-Methylation},
 volume = {26},
 year = {2018}
}

@article{Scherer2015,
 author = { Scherer, M. K. and Trendelkamp-Schroer, B. and Paul, F. and P{\'e}rez-Hern{\'a}ndez, G. and Hoffmann, M. and Plattner, N. and Wehmeyer, C. and Prinz, J.-H. and No{\'e}, F.},
 journal = {J. Chem. Theory Comput.},
 pages = {5525},
 title = {{P}yE{M}MA 2: {A} Software {P}ackage for {E}stimation, {V}alidation, and {A}nalysis of {M}arkov {M}odels},
 volume = {11},
 year = {2015}
}

@article{Schmid2011,
 author = { Schmid, N. and Eichenberger, A. P. and Choutko, A. and Riniker, S. and Winger, M. and Mark, A. E. and Van Gunsteren, W. F.},
 journal = {Eur. Biophys. J.},
 pages = {843},
 title = {{D}efinition and {T}esting of the {G}RO{M}OS {F}orce-{F}ield {V}ersions 54{A}7 and 54{B}7},
 volume = {40},
 year = {2011}
}

@article{Schmid2012,
 author = { Schmid, N. and Christ, C. D. and Christen, M. and Eichenberger, A. P. and Van Gunsteren, W. F.},
 journal = {Comput. Phys. Commun.},
 pages = {890},
 title = {{A}rchitecture, {I}mplementation and {P}arallelisation of the {G}RO{M}OS {S}oftware for {B}iomolecular {S}imulation},
 volume = {183},
 year = {2012}
}

@article{Schwochert2015,
 author = { Schwochert, J. and Turner, R. and Thang, M. and Berkeley, R. F. and Ponkey, A. R. and Rodriguez, K. M. and Leung, S. S. F. and Khunte, B. and Goetz, G. and Limberakis, C. and Kalgutkar, A. S. and Eng, H. and Shapiro, M. J. and Mathiowetz, A. M. and Price, D. A. and Liras, S. and Jacobson, M. P. and Lokey, R. S.},
 journal = {Org. Lett.},
 pages = {2928},
 title = {{P}eptide to {P}eptoid {S}ubstitutions {I}ncrease {C}ell {P}ermeability in {C}yclic {H}exapeptides},
 volume = {17},
 year = {2015}
}

@article{Scott2016,
 author = { Scott, D. E. and Bayly, A. R. and Abell, C. and Skidmore, J.},
 journal = {Nat. Rev. Drug Discovery},
 pages = {533},
 title = {{S}mall {M}olecules, {B}ig {T}argets: {D}rug {D}iscovery {F}aces the {P}rotein-{P}rotein {I}nteraction {C}hallenge},
 volume = {15},
 year = {2016}
}

@article{Sebastiano2018,
 author = { Sebastiano, M. R. and Doak, B. C. and Backlund, M. and Poongavanam, V. and Over, B. and Ermondi, G. and Caron, G. and Kihlberg, J.},
 journal = {J. Med. Chem.},
 pages = {4189},
 title = {{I}mpact of {D}ynamically {E}xposed {P}olarity on {P}ermeability and {S}olubility of {C}hameleonic {D}rugs {B}eyond the {R}ule of 5},
 volume = {},
 year = {2018}
}

@article{Shapiro1965,
 author = { Shapiro, S. S. and Wilk, M. B.},
 journal = {Biometrika},
 pages = {591},
 title = {{B}iometrika {T}rust {A}n {A}nalysis of {V}ariance {T}est for {N}ormality ({C}omplete {S}amples) {P}ublished by: {O}xford {U}niversity {P}ress on {B}ehalf of {B}iometrika {T}rust {S}table},
 volume = {52},
 year = {1965}
}

@article{Sui2007,
 author = { Sui, Q. and Borchardt, D. and Rabenstein, D. L.},
 journal = {J. Am. Chem. Soc.},
 pages = {12042},
 title = {{K}inetics and {E}quilibria of {C}is/{T}rans {I}somerization of {B}ackbone {A}mide {B}onds in {P}eptoids},
 volume = {129},
 year = {2007}
}

@article{Tironi1994,
 author = { Tironi, I. G. and Van Gunsteren, W. F.},
 journal = {Mol. Phys.},
 pages = {381},
 title = {{A} Molecular {D}ynamics {S}imulation {S}tudy of {C}hloroform},
 volume = {83},
 year = {1994}
}

@article{Tironi1995,
 author = { Tironi, I. G. and Sperb, R. and Smith, P. E. and van Gunsteren, W. F.},
 journal = {J. Chem. Phys.},
 pages = {5451},
 title = {{A} Generalized {R}eaction {F}ield {M}ethod for {M}olecular {D}ynamics {S}imulations},
 volume = {102},
 year = {1995}
}

@article{Tyagi2018,
 author = { Tyagi, M. and Poongavanam, V. and Lindhagen, M. and Pettersen, A. and Sj{\"o}, P. and Schiesser, S. and Kihlberg, J.},
 journal = {Org. Lett.},
 pages = {5737},
 title = {{T}oward the {D}esign of {M}olecular {C}hameleons: {F}lexible {S}hielding of an {A}mide {B}ond {E}nhances {M}acrocycle {C}ell {P}ermeability},
 volume = {20},
 year = {2018}
}
@article{Virtanen2020,
 author = {Virtanen, Pauli and Gommers, Ralf and Oliphant, Travis E. and Haberland, Matt and Reddy, Tyler and Cournapeau, David and Burovski, Evgeni and Peterson, Pearu and Weckesser, Warren and Bright, Jonathan and van der Walt, St{\'e}fan J. and Brett, Matthew and Wilson, Joshua and Millman, K. Jarrod and Mayorov, Nikolay and Nelson, Andrew R.J. and Jones, Eric and Kern, Robert and Larson, Eric and Carey, C. J. and Polat, {\. I}lhan and Feng, Yu and Moore, Eric W. and VanderPlas, Jake and Laxalde, Denis and Perktold, Josef and Cimrman, Robert and Henriksen, Ian and Quintero, E. A. and Harris, Charles R. and Archibald, Anne M. and Ribeiro, Ant{\^o}nio H. and Pedregosa, Fabian and van Mulbregt, Paul and Vijaykumar, Aditya and Bardelli, Alessandro Pietro and Rothberg, Alex and Hilboll, Andreas and Kloeckner, Andreas and Scopatz, Anthony and Lee, Antony and Rokem, Ariel and Woods, C. Nathan and Fulton, Chad and Masson, Charles and H{\"a}ggstr{\"o}m, Christian and Fitzgerald, Clark and Nicholson, David A. and Hagen, David R. and Pasechnik, Dmitrii V. and Olivetti, Emanuele and Martin, Eric and Wieser, Eric and Silva, Fabrice and Lenders, Felix and Wilhelm, Florian and Young, G. and Price, Gavin A. and Ingold, Gert Ludwig and Allen, Gregory E. and Lee, Gregory R. and Audren, Herv{\'e} and Probst, Irvin and Dietrich, J{\"o}rg P. and Silterra, Jacob and Webber, James T. and Slavi{\v c}, Janko and Nothman, Joel and Buchner, Johannes and Kulick, Johannes and Sch{\"o}nberger, Johannes L. and de Miranda Cardoso, Jos{\'e} Vin{\i}ÃÅcius and Reimer, Joscha and Harrington, Joseph and Rodr{\' g}uez, Juan Luis Cano and Nunez-Iglesias, Juan and Kuczynski, Justin and Tritz, Kevin and Thoma, Martin and Newville, Matthew and K{\"u}mmerer, Matthias and Bolingbroke, Maximilian and Tartre, Michael and Pak, Mikhail and Smith, Nathaniel J. and Nowaczyk, Nikolai and Shebanov, Nikolay and Pavlyk, Oleksandr and Brodtkorb, Per A. and Lee, Perry and McGibbon, Robert T. and Feldbauer, Roman and Lewis, Sam and Tygier, Sam and Sievert, Scott and Vigna, Sebastiano and Peterson, Stefan and More, Surhud and Pudlik, Tadeusz and Oshima, Takuya and Pingel, Thomas J. and Robitaille, Thomas P. and Spura, Thomas and Jones, Thouis R. and Cera, Tim and Leslie, Tim and Zito, Tiziano and Krauss, Tom and Upadhyay, Utkarsh and Halchenko, Yaroslav O. and V{\'a}zquez-Baeza, Yoshiki},
 journal = {Nature Methods},
 pages = {261--272},
 title = {{S}ci{P}y 1.0: {F}undamental {A}lgorithms for {S}cientific {C}omputing in {P}ython},
 volume = {17},
 year = {2020}
}
@article{Voegeli2015,
 author = { V{\"o}geli, B. and Olsson, S. and Riek, R. and G{\"u}ntert, P.},
 journal = {Data Brief},
 pages = {99},
 title = {{C}ompiled {D}ata {S}et of {E}xact {N}OE {D}istance {L}imits, {R}esidual {D}ipolar {C}ouplings and {S}calar {C}ouplings for the {P}rotein {G}B3},
 volume = {5},
 year = {2015}
}

@article{Vorherr2018,
 author = { Vorherr, T. and Lewis, I. and Berghausen, J. and Desrayaud, S. and Schaefer, M.},
 journal = {Int. J. Pept. Res. Ther.},
 pages = {35},
 title = {{M}odulation of {O}ral {B}ioavailability and {M}etabolism for {C}losely {R}elated {C}yclic {H}exapeptides},
 volume = {24},
 year = {2018}
}

@article{Wang2014,
 author = { Wang, C. K. and Northfield, S. E. and Colless, B. and Chaousis, S. and Hamernig, I. and Lohman, R.-J. and Nielsen, D. S. and Schroeder, C. I. and Liras, S. and Price, D. A. and Fairlie, D. P. and Craik, D. J.},
 journal = {Proc. Natl. Acad. Sci. U.S.A.},
 pages = {17504},
 title = {{R}ational {D}esign and {S}ynthesis of an {O}rally {B}ioavailable {P}eptide {G}uided by {N}MR {A}mide {T}emperature {C}oefficients},
 volume = {111},
 year = {2014}
}

@article{Wei√ü2021,
 author = { Wei{\ss}, R. G. and Ries, B. and Wang, S. and Riniker, S.},
 journal = {J. Chem. Phys.},
 pages = {084106},
 title = {{V}olume-{S}caled {C}ommon {N}earest {N}eighbor {C}lustering {A}lgorithm with {F}ree-{E}nergy {H}ierarchy},
 volume = {154},
 year = {2021}
}

@article{White2011,
 author = { White, T. R. and Renzelman, C. M. and Rand, A. C. and Rezai, T. and McEwen, C. M. and Gelev, V. M. and Turner, R. A. and Linington, R. G. and Leung, S. S. F. and Kalgutkar, A. S. and Bauman, J. N. and Zhang, Y. and Liras, S. and Price, D. A. and Mathiowetz, A. M. and Jacobson, M. P. and Lokey, R. S.},
 journal = {Nat. Chem. Biol.},
 pages = {810},
 title = {{O}n-{R}esin {N}-Methylation of {C}yclic {P}eptides for {D}iscovery of {O}rally {B}ioavailable {S}caffolds},
 volume = {7},
 year = {2011}
}

@article{Whitty2016,
 author = { Whitty, A. and Zhong, M. and Viarengo, L. and Beglov, D. and Hall, D. R. and Vajda, S.},
 journal = {Drug Discovery Today},
 pages = {712},
 title = {{Q}uantifying the {C}hameleonic {P}roperties of {M}acrocycles and {O}ther {H}igh-{M}olecular-{W}eight {D}rugs},
 volume = {},
 year = {2016}
}

@article{Witek2017,
 author = { Witek, J. and M{\"u}hlbauer, M. and Keller, B. G. and Blatter, M. and Meissner, A. and Wagner, T. and Riniker, S.},
 journal = {ChemPhysChem},
 pages = {3309},
 title = {{I}nterconversion {R}ates between {C}onformational {S}tates as {R}ationale for the {M}embrane {P}ermeability of {C}yclosporines},
 volume = {18},
 year = {2017}
}

@article{Witek2019,
 author = { Witek, J. and Wang, S. and Schroeder, B. and Lingwood, R. and Dounas, A. and Roth, H. J. and Fouch{\'e}, M. and Blatter, M. and Lemke, O. and Keller, B. and Riniker, S.},
 journal = {J. Chem. Inf. Model.},
 pages = {294},
 title = {{R}ationalization of the {M}embrane {P}ermeability {D}ifferences in a {S}eries of {A}nalogue {C}yclic {D}ecapeptides},
 volume = {59},
 year = {2019}
}

@article{Wang2021,
author = {Wang, Shuzhe and K\"onig, Gerhard and Roth, Hans-J\"org and Fouch{\'e}, Marianne and Rodde, Stephane and Riniker, Sereina},
title = {Effect of Flexibility, Lipophilicity, and the Location of Polar Residues on the Passive Membrane Permeability of a Series of Cyclic Decapeptides},
journal = {J. Med. Chem.},
volume = {64},
pages = {12761-12773},
year = {2021},
}

@article{Comeau2021,
author = {Comeau, Christian and Ries, Benjamin and Stadelmann, Thomas and Tremblay, Jacob and Poulet, Sylvain and Fr√∂hlich, Ulrike and C√¥t√©, J√©r√¥me and Boudreault, Pierre-Luc and Derbali, Rabeb Mouna and Sarret, Philippe and Grandbois, Michel and Leclair, Gr√©goire and Riniker, Sereina and Marsault, √âric},
title = {Modulation of the Passive Permeability of Semipeptidic Macrocycles: N- and C-Methylations Fine-Tune Conformation and Properties},
journal = {J. Med. Chem.},
volume = {64},
pages = {5365-5383},
year = {2021},
}