
@article{Bennett1976,
 author = {Bennett, Charles H},
 journal = {J. Comput. Phys.},
 pages = {245--268},
 title = {Efficient Estimation of Free Energy Differences From Monte Carlo Data},
 volume = {22},
 year = {1976}
}

@book{Ende2017,
  title={Die Unendliche Geschichte},
  author={Ende, Michael},
  year={2017},
  publisher={Thienemann Verlag}
}

@article{Konig2021,
  title={Efficient Alchemical Intermediate States in Free Energy Calculations Using $\lambda$-Enveloping Distribution Sampling},
  author={K\"onig, Gerhard and Ries, Benjamin and H\"unenberger, Philippe H and Riniker, Sereina},
  journal={J. Chem. Theory Comput.},
  volume={17},
  number={9},
  pages={5805--5815},
  year={2021},
}

@article{Rocklin2013,
 author = {Rocklin, Gabriel J.  and Mobley, David L.  and Dill, Ken A. },
 journal = {J. Chem. Phys.},
 pages = {085104},
 title = {Separated Topologies â€“ A Method for Relative Binding Free Energy Calculations Using Orientational Restraints},
 volume = {138},
 year = {2013}
}

@article{Wang2021,
author = {Wang, Shuzhe and K\"onig, Gerhard and Roth, Hans-J\"org and Fouch{\'e}, Marianne and Rodde, Stephane and Riniker, Sereina},
title = {Effect of Flexibility, Lipophilicity, and the Location of Polar Residues on the Passive Membrane Permeability of a Series of Cyclic Decapeptides},
journal = {J. Med. Chem.},
volume = {64},
pages = {12761-12773},
year = {2021},
}

@article{Shirts2008,
  title={Statistically Optimal Analysis of Samples from Multiple Equilibrium States},
  author={Shirts, Michael R and Chodera, John D},
  journal={J. Chem. Phys.},
  volume={129},
  pages={124105},
  year={2008},
}

@article{Bieler2015,
 author = {Bieler, Noah S. and Tschopp, Jan P. and H\"unenberger, Philippe H.},
 journal = {J. Chem. Theory Comput.},
 pages = {2575--2588},
 title = {Multistate $\lambda$-Local-Elevation Umbrella-Sampling (MS-$\lambda$-LEUS): Method and Application to the Complexation of Cations by Crown Ethers},
 volume = {11},
 year = {2015}
}

@article{Jarzynski1997,
  title = {Nonequilibrium Equality for Free Energy Differences},
  author = {Jarzynski, C.},
  journal = {Phys. Rev. Lett.},
  volume = {78},
  pages = {2690--2693},
  year = {1997},
}

@article{Xiong2006,
author={Xiong, Hui
and Crespo, Alejandro
and Marti, Marcelo
and Estrin, Dario
and Roitberg, Adrian E.},
title={Free Energy Calculations with Non-Equilibrium Methods: Applications of the Jarzynski Relationship},
journal={Theor. Chem. Acc.},
year={2006},
volume={116},
pages={338--346},
}

@article{Riniker2017,
author = {Riniker, Sereina},
title = {Molecular Dynamics Fingerprints (MDFP): Machine Learning from MD Data To Predict Free-Energy Differences},
journal = {J. Chem. Inf. Model.},
volume = {57},
pages = {726--741},
year = {2017},
}

@article{Zhao2015,
title = {Molecular Dynamics in Drug Design},
journal = {Eur. J. Med. Chem.},
volume = {91},
pages = {4--14},
year = {2015},
author = {Zhao, Hongtao and Caflisch, Amedeo},
}

@article{Morris2009,
  title={AutoDock4 and AutoDockTools4: Automated Docking with Selective Receptor Flexibility},
  author={Morris, Garrett M and Huey, Ruth and Lindstrom, William and Sanner, Michel F and Belew, Richard K and Goodsell, David S and Olson, Arthur J},
  journal={J. Comp. Chem.},
  volume={30},
  pages={2785--2791},
  year={2009},
} 

@article{Eberhardt2021,
author = {Eberhardt, Jerome and Santos-Martins, Diogo and Tillack, Andreas F. and Forli, Stefano},
title = {AutoDock Vina 1.2.0: New Docking Methods, Expanded Force Field, and Python Bindings},
journal = {J. Chem. Inf. Model.},
volume = {61},
pages = {3891--3898},
year = {2021},
}

@article{Feng2015,
author = {Feng, Zhiwei and Pearce, Larry V. and Xu, Xiaomeng and Yang, Xiaole and Yang, Peng and Blumberg, Peter M. and Xie, Xiang-Qun},
title = {Structural Insight into Tetrameric hTRPV1 from Homology Modeling, Molecular Docking, Molecular Dynamics Simulation, Virtual Screening, and Bioassay Validations},
journal = {J. Chem. Inf. Model.},
volume = {55},
pages = {572--588},
year = {2015},
}

@article{Sokkar2011,
author={Sokkar, Pandian
and Mohandass, Shylajanaciyar
and Ramachandran, Murugesan},
title={Multiple Templates-based Homology Modeling Enhances Structure Quality of AT1 Receptor: Validation by Molecular Dynamics and Antagonist Docking},
journal={J. Mol. Model.},
year={2011},
volume={17},
pages={1565--1577},
}


@Article{Chavda2019,
author={Chavda, Jaydeepsinh
and Bhatt, Hardik},
title={3D-QSAR (CoMFA, CoMSIA, HQSAR and topomer CoMFA), MD Simulations and Molecular Docking Studies on Purinylpyridine Derivatives as B-Raf Inhibitors for the Treatment of Melanoma Cancer},
journal={Struct. Chem.},
year={2019},
volume={30},
pages={2093--2107},
}

@article{Chen2015,
title = {Beware of Docking!},
journal = {Trends Pharmacol. Sci.},
volume = {36},
pages = {78--95},
year = {2015},
author = {Yu-Chian Chen},
}


@article{Witek2016,
 author = {Witek, Jagna and Keller, Bettina G. and Blatter, Markus and Meissner, Axel and Wagner, Trixie and Riniker, Sereina},
 journal = {J. Chem. Inf. Model.},
 pages = {1547--1562},
 title = {{K}inetic {M}odels of {C}yclosporin {A} in {P}olar and {A}polar {E}nvironments {R}eveal {M}ultiple {C}ongruent {C}onformational {S}tates},
 volume = {56},
 year = {2016}
}

@article{Witek2017,
 author = { Witek, J. and M{\"u}hlbauer, M. and Keller, B. G. and Blatter, M. and Meissner, A. and Wagner, T. and Riniker, S.},
 journal = {ChemPhysChem},
 pages = {3309},
 title = {{I}nterconversion {R}ates between {C}onformational {S}tates as {R}ationale for the {M}embrane {P}ermeability of {C}yclosporines},
 volume = {18},
 year = {2017}
}

@article{Witek2019,
 author = { Witek, J. and Wang, S. and Schroeder, B. and Lingwood, R. and Dounas, A. and Roth, H. J. and Fouch{\'e}, M. and Blatter, M. and Lemke, O. and Keller, B. and Riniker, S.},
 journal = {J. Chem. Inf. Model.},
 pages = {294},
 title = {{R}ationalization of the {M}embrane {P}ermeability {D}ifferences in a {S}eries of {A}nalogue {C}yclic {D}ecapeptides},
 volume = {59},
 year = {2019}
}



@article{Rezai2006,
  title={Conformational Flexibility, Internal Hydrogen Bonding, and Passive Membrane Permeability: Successful In Silico Prediction of the Relative Permeabilities of Cyclic Peptides},
  author={Rezai, Taha and Bock, Jonathan E and Zhou, Mai V and Kalyanaraman, Chakrapani and Lokey, R Scott and Jacobson, Matthew P},
  journal={J. Am. Chem. Soc.},
  volume={128},
  pages={14073--14080},
  year={2006},
}

@article{Rezai2006A,
  title={Testing the Conformational Hypothesis of Passive Membrane Permeability Using Synthetic Cyclic Peptide Diastereomers},
  author={Rezai, Taha and Yu, Bin and Millhauser, Glenn L and Jacobson, Matthew P and Lokey, R Scott},
  journal={J. Am. Chem. Soc.},
  volume={128},
  pages={2510--2511},
  year={2006},
}

@misc{Matsson2017,
  title={How Big is Too Big for Cell Permeability?},
  author={Matsson, Par and Kihlberg, Jan},
  journal={J. Med. Chem.},
  volume={60},
  pages={1662--1664},
  year={2017},
}

@article{Whitty2016,
  title={Quantifying the Chameleonic Properties of Macrocycles and other High-Molecular-Weight Drugs},
  author={Whitty, Adrian and Zhong, Mengqi and Viarengo, Lauren and Beglov, Dmitri and Hall, David R and Vajda, Sandor},
  journal={Drug Discov. Today},
  volume={21},
  pages={712--717},
  year={2016},
}


@article{Walters2020,
author = {Walters, W. Patrick},
title = {Code Sharing in the Open Science Era},
journal = {J. Chem. Inf. Model.},
volume = {60},
pages = {4417--4420},
year = {2020},
}

@article{Walters2013,
author = {Walters, W. Patrick},
title = {Modeling, Informatics, and the Quest for Reproducibility},
journal = {J. Chem. Inf. Model.},
volume = {53},
pages = {1529--1530},
year = {2013},
}

@misc{pypi2021,
  title={Python Package Index - PyPI},
  url={https://pypi.org/},
  urldate = {2021-03-28}, 
  publisher={Python Software Foundation}
} 

@misc{Anaconda2020,
 journal = {Anaconda Documentation},
 publisher = {Anaconda Inc.},
 title = {{A}naconda {S}oftware {D}istribution},
 url = {https://docs.anaconda.com/},
 version = {Vers. 2-2.4.0},
 year = {2020}
}


@misc{Jcconduct2021,
 author = {BioMed Central},
 howpublished = {http://biomedcentral.com/getpublished/editorial-policies},
 note = {Accessed: 2021-12-07},
 title = {{E}ditorial {P}olicies}
}

@misc{Natureconduct2021,
 author = {NeurIPS},
 howpublished = {https://nips.cc/Conferences/2020/PaperInformation/CodeSubmissionPolicy},
 note = {Accessed: 2021-12-07},
 title = {{C}ode {S}ubmission {P}olicy}
}

@misc{Scienceconduct2021,
 author = {Science Journals},
 howpublished = {https://www.sciencemag.org/authors/science-journals-editorial-policies},
 note = {Accessed: 2021-12-07},
 title = {{E}ditorial {P}olicies}
}