@incollection{Agard2014,
 author = {David Agard and Yifan Cheng and Robert M. Glaeser and Sriram Subramaniam},
 booktitle = {Advances in Imaging and Electron Physics},
 editor = {Peter W. Hawkes},
 pages = {113--137},
 publisher = {Elsevier},
 series = {Advances in Imaging and Electron Physics},
 title = {{C}hapter {T}wo - {S}ingle-{P}article {C}ryo-{E}lectron {M}icroscopy ({C}ryo-{E}M): {P}rogress, {C}hallenges, and {P}erspectives for {F}urther {I}mprovement},
 volume = {185},
 year = {2014}
}

@article{Aldeghi2016,
 author = {Aldeghi, Matteo and Heifetz, Alexander and Bodkin, Michael J. and Knapp, Stefan and Biggin, Philip C.},
 journal = {Chem. Sci.},
 pages = {207--218},
 title = {{A}ccurate {C}alculation of the {A}bsolute {F}ree {E}nergy of {B}inding for {D}rug {M}olecules},
 volume = {7},
 year = {2016}
}

@article{Armacost2020,
 author = {Armacost, Kira A. and Riniker, Sereina and Cournia, Zoe},
 journal = {J. Chem. Inf. Model.},
 pages = {1--5},
 title = {{N}ovel {D}irections in {F}ree {E}nergy {M}ethods and {A}pplications},
 volume = {60},
 year = {2020}
}

@article{Askerka2017,
 author = {Askerka, Mikhail and Brudvig, Gary W. and Batista, Victor S.},
 journal = {Acc. Chem. Res.},
 pages = {41--48},
 title = {{T}he {O}2-{E}volving {C}omplex of {P}hotosystem {I}I: {R}ecent {I}nsights from {Q}uantum {M}echanics/{M}olecular {M}echanics ({Q}M/{M}M), {E}xtended {X}-ray {A}bsorption {F}ine {S}tructure ({E}XA{F}S), and {F}emtosecond {X}-ray {C}rystallography {D}ata},
 volume = {50},
 year = {2017}
}

@book{Atkins2014,
 author = {Atkins, P and De Paula, J},
 publisher = {OUP Oxford},
 title = {{A}tkinsâ€™ physical chemistry},
 year = {2014}
}

@article{Barros2022,
 author = {Barros, Emilia P and Ries, Benjamin and B{\"o}selt, Lennard and Champion, Candide and Riniker, Sereina},
 journal = {Curr. Opin. Struct. Biol.},
 pages = {55--62},
 title = {{R}ecent developments in multiscale free energy simulations},
 volume = {72},
 year = {2022}
}

@article{Bemporad2004,
 author = {Bemporad, Daniele and Essex, Jonathan W. and Luttmann, Claude},
 journal = {J. Phys. Chem.},
 pages = {4875--4884},
 title = {{P}ermeation of {S}mall {M}olecules through a {L}ipid {B}ilayer: {A} Computer {S}imulation {S}tudy},
 volume = {108},
 year = {2004}
}

@inbook{Berendsen1981,
 address = {Dordrecht},
 author = {Berendsen, H. J. C.
and Postma, J. P. M.
and van Gunsteren, W. F.
and Hermans, J.},
 booktitle = {Intermolecular Forces: Proceedings of the Fourteenth Jerusalem Symposium on Quantum Chemistry and Biochemistry Held in Jerusalem, Israel, April 13--16, 1981},
 doi = {10.1007/978-94-015-7658-1\_21},
 isbn = {978-94-015-7658-1},
 pages = {331--342},
 publisher = {Springer Netherlands},
 title = {{I}nteraction {M}odels for {W}ater in {R}elation to {P}rotein {H}ydration},
 url = {https://doi.org/10.1007/978-94-015-7658-1\_21},
 year = {1981}
}

@article{Berendsen1984,
 author = { Berendsen, H. J. C. and Postma, J. P. M. and van Gunsteren, W. F. and DiNola, A. and Haak, J. R.},
 journal = {J. Chem. Phys.},
 pages = {3684},
 title = {{M}olecular {D}ynamics with {C}oupling to an {E}xternal {B}ath},
 volume = {81},
 year = {1984}
}

@article{Berendsen1995,
 author = {Berendsen, H. J. C.  and van der Spoel,D.  and van Drunen, R. },
 journal = {Comp. Phys. Comm.},
 pages = {43--56},
 title = {G{R}OMACS: {A} Message-{P}assing {P}arallel {M}olecular {D}ynamics {I}mplementation},
 volume = {91},
 year = {1995}
}

@article{Blondel1996,
 author = {Blondel, Arnaud and Karplus, Martin},
 journal = {J. Comp. Chem.},
 pages = {1132--1141},
 title = {{N}ew {F}ormulation for {D}erivatives of {T}orsion {A}ngles and {I}mproper {T}orsion {A}ngles in {M}olecular {M}echanics: {E}limination of {S}ingularities},
 volume = {17},
 year = {1996}
}

@article{Boltzmann1872,
 author = {Boltzmann, L.},
 journal = {Sitzungsber. Kais. Akad. Wiss. Wien Math. Naturwiss. Classe},
 pages = {275--370},
 title = {{W}eitere {S}tudien uber das {W}{\"a}rmegleichgewicht unter {G}asmolekulen},
 volume = {66},
 year = {1872}
}

@article{Brooks1983,
 author = {Brooks, Bernard R and Bruccoleri, Robert E and Olafson, Barry D and States, David J and Swaminathan, S a and Karplus, Martin},
 journal = {J. Comput. Chem.},
 pages = {187--217},
 title = {C{H}AR{M}M: {A} Program for {M}acromolecular {E}nergy, {M}inimization, and {D}ynamics {C}alculations},
 volume = {4},
 year = {1983}
}

@article{Cazals2015,
 author = {Cazals, Fr{\'e}d{\'e}ric and Dreyfus, Tom and Mazauric, Dorian and Roth, Christine-Andrea and Robert, Charles H},
 journal = {Journal of computational chemistry},
 pages = {1213--1231},
 title = {{C}onformational ensembles and sampled energy landscapes: {A}nalysis and comparison},
 volume = {36},
 year = {2015}
}

@article{Chavent2014,
 author = {Chavent, Matthieu and Reddy, Tyler and Goose, Joseph and Dahl, Anna Caroline E. and Stone, John E. and Jobard, Bruno and Sansom, Mark S. P.},
 journal = {Faraday Discuss.},
 pages = {455--475},
 title = {{M}ethodologies for the {A}nalysis of {I}nstantaneous {L}ipid {D}iffusion in {M}D {S}imulations of {L}arge {M}embrane {S}ystems},
 volume = {169},
 year = {2014}
}

@article{Cheng2017,
 author = {Yifan Cheng and Robert M. Glaeser and Eva Nogales},
 journal = {Cell},
 pages = {1229--1231},
 title = {{H}ow {C}ryo-{E}M {B}ecame so {H}ot},
 volume = {171},
 year = {2017}
}

@article{Chodera2011,
 author = {Chodera, John D and Mobley, David L and Shirts, Michael R and Dixon, Richard W and Branson,  Kim and Pande, Vijay S},
 journal = {Current Opinion in Structural Biology},
 pages = {150--160},
 title = {{A}lchemical free energy methods for drug discovery: progress and challenges},
 volume = {21},
 year = {2011}
}

@article{Christ2009,
 author = {Christ, Clara D and Mark, Alan E and van Gunsteren, Wilfred F},
 journal = {J. Comput. Chem.},
 pages = {1569--1582},
 title = {{B}asic {I}ngredients of {F}ree {E}nergy {C}alculations: {A} Review},
 volume = {31},
 year = {2009}
}

@article{Christ2014,
 author = {Christ, Clara D. and Fox, Thomas},
 journal = {Journal of Chemical Information and Modeling},
 pages = {108--120},
 title = {{A}ccuracy {A}ssessment and {A}utomation of {F}ree {E}nergy {C}alculations for {D}rug {D}esign},
 volume = {54},
 year = {2014}
}

@article{Christen2008,
 author = {Christen, Markus and van Gunsteren, Wilfred F},
 journal = {Journal of Computational Chemistry},
 pages = {157--166},
 title = {{O}n searching in, sampling of, and dynamically moving through conformational space of biomolecular systems: {A} review},
 volume = {29},
 year = {2008}
}

@article{Ciccotti1986,
 author = {G. Ciccotti and J.P. Ryckaert},
 journal = {Comput. Phys. Rep.},
 pages = {346--392},
 title = {{M}olecular {D}ynamics {S}imulation of {R}igid {M}olecules},
 volume = {4},
 year = {1986}
}

@book{Cohen1999,
 author = {Cohen, I. Bernard
and Whitman, Anne
and Budenz, Julia},
 edition = {1},
 publisher = {University of California Press},
 title = {{T}he {P}rincipia: {M}athematical {P}rinciples of {N}atural {P}hilosophy},
 year = {1999}
}

@article{Corbett2021,
 author = {Corbett, Karen M. and Ford, Leigh and Warren, Dallas B. and Pouton, Colin W. and Chalmers, David K.},
 journal = {J. of Med. Chem.},
 pages = {13131--13151},
 title = {{C}yclosporin {S}tructure and {P}ermeability: {F}rom {A} to {Z} and {B}eyond},
 volume = {64},
 year = {2021}
}

@article{Cornell1995,
 author = {Cornell, Wendy D and Cieplak, Piotr and Bayly, Christopher I and Gould, Ian R and Merz, Kenneth M and Ferguson, David M and Spellmeyer, David C and Fox, Thomas and Caldwell, James W and Kollman, Peter A},
 journal = {J. Am. Chem. Soc},
 pages = {5179--5197},
 title = {{A} Second {G}eneration {F}orce {F}ield for the {S}imulation of {P}roteins, {N}ucleic {A}cids, and {O}rganic {M}olecules},
 volume = {117},
 year = {1995}
}

@article{Cournia2017,
 author = {Cournia, Zoe and Allen, Bryce and Sherman, Woody},
 journal = {J. Chem. Inf. Model.},
 pages = {2911--2937},
 title = {{R}elative {B}inding {F}ree {E}nergy {C}alculations in {D}rug {D}iscovery: {R}ecent {A}dvances and {P}ractical {C}onsiderations},
 volume = {57},
 year = {2017}
}

@article{Cournia2020,
 author = {Cournia, Zoe and Allen, Bryce K. and Beuming, Thijs and Pearlman, David A. and Radak, Brian K. and Sherman, Woody},
 journal = {J. Chem. Inf. Model.},
 pages = {4153 -- 4169},
 title = {{R}igorous {F}ree {E}nergy {S}imulations in {V}irtual {S}creening},
 volume = {60},
 year = {2020}
}

@article{Crick1970,
 author = {Crick, Francis},
 journal = {Nature},
 pages = {561--563},
 title = {{C}entral {D}ogma of {M}olecular {B}iology},
 volume = {227},
 year = {1970}
}

@article{Darden1993,
 author = {Darden,Tom  and York,Darrin  and Pedersen,Lee },
 journal = {The Journal of Chemical Physics},
 pages = {10089--10092},
 title = {{P}article mesh {E}wald: {A}n {N} \textdollar \textbackslash dot\textdollar  log({N}) method for {E}wald sums in large systems},
 volume = {98},
 year = {1993}
}

@article{Daura1998,
 author = {Daura, Xavier and Mark, Alan E. and Van Gunsteren, Wilfred F.},
 journal = {J. Comput. Chem.},
 pages = {535--547},
 title = {{P}arametrization of aliphatic {C}Hn united atoms of {G}RO{M}OS96 force field},
 volume = {19},
 year = {1998}
}

@article{Debye1909,
 author = {Debye, P.},
 journal = {Math. Ann.},
 pages = {535--558},
 title = {{N}{\"a}herungsformeln f{\"u}r die {Z}ylinderfunktionen f{\"u}r gro{\ss}e {W}erte des {A}rguments und unbeschr{\"a}nkt ver{\"a}nderliche {W}erte des {I}ndex},
 volume = {67},
 year = {1909}
}

@article{Deltcheva2011,
 author = {Deltcheva, Elitza
and Chylinski, Krzysztof
and Sharma, Cynthia M.
and Gonzales, Karine
and Chao, Yanjie
and Pirzada, Zaid A.
and Eckert, Maria R.
and Vogel, J{\"o}rg
and Charpentier, Emmanuelle},
 journal = {Nature},
 pages = {602--607},
 title = {C{R}IS{P}R {R}NA maturation by trans-encoded small {R}NA and host factor {R}Nase {I}II},
 volume = {471},
 year = {2011}
}

@incollection{Dobson1986,
 author = {Dobson, CM and Karplus, M},
 booktitle = {Methods in enzymology},
 pages = {362--389},
 publisher = {Elsevier},
 title = {{I}nternal motion of proteins: {N}uclear magnetic resonance measurements and dynamic simulations},
 volume = {131},
 year = {1986}
}

@article{Doerr2016,
 author = {Doerr, Allison},
 journal = {Nat. Methods},
 pages = {23--23},
 title = {{S}ingle-particle cryo-electron microscopy},
 volume = {13},
 year = {2016}
}

@article{Dugave2003,
 author = {Dugave, Christophe and Demange, Luc},
 journal = {Chem. Rev.},
 pages = {2475--2532},
 title = {{C}is--{T}rans {I}somerization of {O}rganic {M}olecules and {B}iomolecules: {I}mplications and {A}pplications},
 volume = {103},
 year = {2003}
}

@article{Durrant2011,
 author = {Durrant, Jacob D.
and McCammon, J. Andrew},
 journal = {BMC Biol.},
 pages = {71},
 title = {{M}olecular {D}ynamics {S}imulations and {D}rug {D}iscovery},
 volume = {9},
 year = {2011}
}

@article{Eastman2010,
 author = {Eastman, Peter and Pande, Vijay},
 journal = {Comput. Sci. Eng.},
 pages = {34--39},
 title = {{O}pen{M}M: {A} Hardware-{I}ndependent {F}ramework for {M}olecular {S}imulations},
 volume = {12},
 year = {2010}
}

@article{Elkin2003,
 author = {Elkin, Lynne Osman},
 journal = {Physics Today},
 pages = {42--48},
 title = {{R}osalind {F}ranklin and the double helix},
 volume = {56},
 year = {2003}
}

@article{Frauenfelder1979,
 author = {Frauenfelder, Hans and Petsko, Gregory A and Tsernoglou, Demetrius},
 journal = {Nature},
 pages = {558--563},
 title = {{T}emperature-{D}ependent {X}-Ray {D}iffraction as a {P}robe of {P}rotein {S}tructural {D}ynamics},
 volume = {280},
 year = {1979}
}

@article{Friedel2003,
 author = {Friedel, Miriam and Sheeler, Daniel J and Shea, Joan-Emma},
 journal = {J. Chem. Phys.},
 pages = {8106--8113},
 title = {{E}ffects of {C}onfinement and {C}rowding on the {T}hermodynamics and {K}inetics of {F}olding of a {M}inimalist \textdollar \beta \textdollar  -{B}arrel {P}rotein},
 volume = {118},
 year = {2003}
}

@article{Gibbs1879,
 author = {Gibbs, Josiah Willard},
 journal = {Trans. Conn. Acad. Arts Sci.},
 pages = {108--248},
 title = {{O}n the equilibrium of heterogeneous substances},
 volume = {3},
 year = {1879}
}

@book{Gillmor2017,
 author = {Gillmor, C Stewart},
 publisher = {Princeton University Press},
 title = {{C}oulomb and the {E}volution of {P}hysics and {E}ngineering in {E}ighteenth-{C}entury {F}rance},
 year = {2017}
}

@article{Gunsteren1990,
 author = {van Gunsteren, Wilfred F. and Berendsen, Herman J. C.},
 journal = {Angew. Chem. Int. Ed.},
 pages = {992--1023},
 title = {{C}omputer {S}imulation of {M}olecular {D}ynamics: {M}ethodology, {A}pplications, and {P}erspectives in {C}hemistry},
 volume = {29},
 year = {1990}
}

@article{Gunsteren2002,
 author = {van Gunsteren, Wilfred F. and Daura, Xavier and Mark, Alan E.},
 journal = {Helvetica Chimica Acta},
 pages = {3113--3129},
 title = {{C}omputation of {F}ree {E}nergy},
 volume = {85},
 year = {2002}
}

@article{Gunsteren2008,
 author = {van Gunsteren, Wilfred F. and Dolenc, J{\u o}zica and Mark, Alan E},
 journal = {Curr. Opin. Struct. Biol.},
 pages = {149--153},
 title = {{M}olecular simulation as an aid to experimentalists},
 volume = {18},
 year = {2008}
}

@article{Hanahan2000,
 author = {Hanahan, Douglas and Weinberg, Robert A.},
 journal = {Cell},
 pages = {57--70},
 title = {{T}he {H}allmarks of {C}ancer},
 volume = {100},
 year = {2000}
}

@article{Hanahan2011,
 author = {Hanahan, Douglas and Weinberg, Robert A.},
 journal = {Cell},
 pages = {646--674},
 title = {{H}allmarks of {C}ancer: {T}he {N}ext {G}eneration},
 volume = {144},
 year = {2011}
}

@article{Hansen2014,
 author = {Hansen, Niels and van Gunsteren, Wilfred F.},
 journal = {J. Chem. Theory Comput.},
 pages = {2632--2647},
 title = {{P}ractical {A}spects of {F}ree-{E}nergy {C}alculations: {A} Review},
 volume = {10},
 year = {2014}
}

@article{Hastings1970,
 author = {Hastings, W Keith},
 journal = {Biometrika},
 pages = {97 -- 109},
 title = {{M}onte {C}arlo sampling methods using {M}arkov chains and their applications},
 volume = {57},
 year = {1970}
}

@book{Helmholtz1882,
 author = {von Helmholtz, Hermann},
 publisher = {Sitz. K. Akad. Wiss. Berlin},
 title = {{D}ie thermodynamik chemischer {V}org{\"a}nge},
 year = {1882}
}

@article{Hess1997,
 author = {Hess, Berk and Bekker, Henk and Berendsen, Herman J. C. and Fraaije, Johannes G. E. M.},
 journal = {J. Comput. Chem.},
 pages = {1463--1472},
 title = {L{I}NC{S}: {A} Linear {C}onstraint {S}olver for {M}olecular {S}imulations},
 volume = {18},
 year = {1997}
}

@article{Hestenes1952,
 author = {Hestenes, Magnus R and Stiefel, Eduard},
 journal = {J. Res. Natl. Bur. Stand.},
 pages = {409--436},
 title = {{M}ethods of {C}onjugate {G}radients for {S}olving {L}inear {S}ystems},
 volume = {49},
 year = {1952}
}

@book{Hockney1970,
 author = { Hockney, R. W.},
 publisher = {Methods Comput. Phys. },
 title = {{T}he {P}otential {C}alculation and {S}ome {A}pplications},
 volume = {9},
 year = {1970}
}

@article{Hollingsworth2018,
 author = {Hollingsworth, Scott A and Dror, Ron O},
 journal = {Neuron},
 pages = {1129--1143},
 title = {{M}olecular {D}ynamics {S}imulation for {A}ll},
 volume = {99},
 year = {2018}
}

@article{Hong2020,
 author = {Hong, Fan and Schreck, John S and {\v S}ulc, Petr},
 journal = {Nucleic Acids Res.},
 pages = {10726--10738},
 title = {{U}nderstanding {D}NA {I}nteractions in {C}rowded {E}nvironments with a {C}oarse-{G}rained {M}odel},
 volume = {48},
 year = {2020}
}

@article{Hoover1985,
 author = {Hoover, William G.},
 journal = {Phys. Rev. A},
 pages = {1695--1697},
 title = {{C}anonical {D}ynamics: {E}quilibrium {P}hase-{S}pace {D}istributions},
 volume = {31},
 year = {1985}
}

@article{Hyeon2011,
 author = {Hyeon, Changbong
and Thirumalai, D.},
 journal = {Nat. Commun.},
 pages = {487},
 title = {{C}apturing the {E}ssence of {F}olding and {F}unctions of {B}iomolecules {U}sing {C}oarse-{G}rained {M}odels},
 volume = {2},
 year = {2011}
}

@article{Iozzi2009,
 author = { Maria Francesca   Iozzi  and  Trygve   Helgaker  and  Einar   Uggerud },
 journal = {Mol. Phys.},
 pages = {2537--2546},
 title = {{A}ssessment of {T}heoretical {M}ethods for the {D}etermination of the {M}echanochemical {S}trength of {C}ovalent {B}onds},
 volume = {107},
 year = {2009}
}

@book{Jacobsen2007,
 author = {Jacobsen, Neil E},
 publisher = {John Wiley \& Sons},
 title = {N{M}R spectroscopy explained: simplified theory, applications and examples for organic chemistry and structural biology},
 year = {2007}
}

@article{Jones1924,
 author = {Jones, J. E.},
 journal = {Proc. Royal Soc. London},
 pages = {441--462},
 title = {{O}n the {D}etermination of {M}olecular {F}ields. {I}. {F}rom the {V}ariation of the {V}iscosity of a {G}as with {T}emperature},
 volume = {106},
 year = {1924}
}

@article{Jorgensen1983,
 author = {Jorgensen,William L.  and Chandrasekhar,Jayaraman  and Madura,Jeffry D.  and Impey,Roger W.  and Klein,Michael L. },
 journal = {J. Chem. Phys.},
 pages = {926--935},
 title = {{C}omparison of {S}imple {P}otential {F}unctions for {S}imulating {L}iquid {W}ater},
 volume = {79},
 year = {1983}
}

@article{Jorgensen1988,
 author = {Jorgensen, William L and Tirado-Rives, Julian},
 journal = {J. Am. Chem. Soc.},
 pages = {1657--1666},
 title = {{T}he {O}PL{S} [{O}ptimized {P}otentials for {L}iquid {S}imulations] {P}otential {F}unctions for {P}roteins, {E}nergy {M}inimizations for {C}rystals of {C}yclic {P}eptides and {C}rambin},
 volume = {110},
 year = {1988}
}

@article{Jorgensen1996,
 author = {Jorgensen, William L and Maxwell, David S and Tirado-Rives, Julian},
 journal = {J. Am. Chem. Soc},
 pages = {11225--11236},
 title = {{D}evelopment and {T}esting of the {O}PL{S} All-{A}tom {F}orce {F}ield on {C}onformational {E}nergetics and {P}roperties of {O}rganic {L}iquids},
 volume = {118},
 year = {1996}
}

@article{Karplus2002,
 author = {Karplus, Martin and McCammon, J Andrew},
 journal = {Nature Structural Biology},
 pages = {646--652},
 title = {{M}olecular dynamics simulations of biomolecules},
 volume = {9},
 year = {2002}
}

@article{Kawai2016,
 author = {Kawai, Shigeki
and Foster, Adam S.
and Bj{\"o}rkman, Torbj{\"o}rn
and Nowakowska, Sylwia
and Bj{\"o}rk, Jonas
and Canova, Filippo Federici
and Gade, Lutz H.
and Jung, Thomas A.
and Meyer, Ernst},
 journal = {Nature Comm.},
 pages = {11559},
 title = {{V}an der {W}aals {I}nteractions and the {L}imits of {I}solated {A}tom {M}odels at {I}nterfaces},
 volume = {7},
 year = {2016}
}

@article{Kazemi2015,
 author = {Kazemi, Masoud
and {\AA}qvist, Johan},
 journal = {Nat. Commun.},
 pages = {7293},
 title = {{C}hemical {R}eaction {M}echanisms in {S}olution from {B}rute {F}orce {C}omputational {A}rrhenius {P}lots},
 volume = {6},
 year = {2015}
}

@article{Kendrew1958,
 author = {Kendrew, John C and Bodo, G and Dintzis, Howard M and Parrish, RG and Wyckoff, Harold and Phillips, David C},
 journal = {Nature},
 pages = {662--666},
 title = {{A} Three-{D}imensional {M}odel of the {M}yoglobin {M}olecule {O}btained by {X}-Ray {A}nalysis},
 volume = {181},
 year = {1958}
}

@article{Kirkwood1935,
 author = {Kirkwood, John G},
 journal = {J. Chem. Phys.},
 pages = {300--313},
 title = {{S}tatistical {M}echanics of {F}luid {M}ixtures},
 volume = {3},
 year = {1935}
}

@article{Kollman1993,
 author = {Kollman, Peter},
 journal = {Chem. Rev.},
 pages = {2395--2417},
 title = {{F}ree {E}nergy {C}alculations: {A}pplications to {C}hemical and {B}iochemical {P}henomena},
 volume = {93},
 year = {1993}
}

@article{Kuhlbrandt2014,
 author = {Werner K{\"u}hlbrandt },
 journal = {Science},
 pages = {1443--1444},
 title = {{T}he {R}esolution {R}evolution},
 volume = {343},
 year = {2014}
}

@book{Ladd1977,
 author = {Ladd, Marcus Frederick Charles and Palmer, Rex Alfred and Palmer, Rex Alfred},
 publisher = {Springer},
 title = {{S}tructure determination by {X}-ray crystallography},
 year = {1977}
}

@book{Leach2001,
 author = {Leach, Andrew R.},
 publisher = {Pearson Education Limited},
 title = {{M}olecular {M}odelling -- {P}rinciples and {A}pplications},
 year = {2001}
}

@article{Li2008,
 author = {Li, Xueqiang and Wang, Mei and Zhang, Suping and Pan, Jingxi and Na, Yong and Liu, Jianhui and {\AA}kermark, Bj{\"o}rn and Sun, Licheng},
 journal = {J. Chem. Phys.},
 pages = {8198--8202},
 title = {{N}oncovalent {A}ssembly of a {M}etalloporphyrin and an {I}ron {H}ydrogenase {A}ctive-{S}ite {M}odel: {P}hoto-{I}nduced {E}lectron {T}ransfer and {H}ydrogen {G}eneration},
 volume = {112},
 year = {2008}
}

@article{Lindorfflarsen2010,
 author = {Lindorff-Larsen, K and Piana, S and Palmo, K and Maragakis, P. and Klepeis, JL and Dror, RO and Shaw, DE},
 journal = {J. Am. Chem. Soc},
 pages = {1950--1958},
 title = {{I}mproved {S}ide-{C}hain {T}orsion {P}otentials for the {A}mber ff99{S}B {P}rotein {F}orce {F}ield. {P}roteins},
 volume = {78},
 year = {2010}
}

@article{Lipinski2001,
 author = {Lipinski, Christopher A  and Lombardo, Franco and Dominy, Beryl W and Feeney, Paul J},
 journal = {Advanced Drug Delivery Reviews},
 pages = {3--26},
 title = {{E}xperimental and {C}omputational {A}pproaches to {E}stimate {S}olubility and {P}ermeability in {D}rug {D}iscovery and {D}evelopment {S}ettings},
 volume = {46},
 year = {2001}
}

@article{Mackerell1995,
 author = {MacKerell Jr, Alexander D and Wiorkiewicz-Kuczera, Joanna and Karplus, Martin},
 journal = {J. Am. Chem. Soc.},
 pages = {11946--11975},
 title = {{A}n {A}ll-{A}tom {E}mpirical {E}nergy {F}unction for the {S}imulation of {N}ucleic {A}cid},
 volume = {117},
 year = {1995}
}

@article{Mackerell1998,
 author = {MacKerell, A. D. and Bashford, D. and Bellott, M. and Dunbrack, R. L. and Evanseck, J. D. and Field, M. J. and Fischer, S. and Gao, J. and Guo, H. and Ha, S. and Joseph-McCarthy, D. and Kuchnir, L. and Kuczera, K. and Lau, F. T. K. and Mattos, C. and Michnick, S. and Ngo, T. and Nguyen, D. T. and Prodhom, B. and Reiher, W. E. and Roux, B. and Schlenkrich, M. and Smith, J. C. and Stote, R. and Straub, J. and Watanabe, M. and Wiorkiewicz-Kuczera, J. and Yin, D. and Karplus, M.},
 journal = {J. Phys. Chem},
 pages = {3586--3616},
 title = {{A}ll-{A}tom {E}mpirical {P}otential for {M}olecular {M}odeling and {D}ynamics {S}tudies of {P}roteins},
 volume = {102},
 year = {1998}
}

@article{Mackerell2004,
 author = {Mackerell, Jr. and Alexander, D.},
 journal = {J. Comp. Chem.},
 pages = {1584--1604},
 title = {{E}mpirical {F}orce {F}ields for {B}iological {M}acromolecules: {O}verview and {I}ssues},
 volume = {25},
 year = {2004}
}

@article{Malde2011,
 author = {Malde, Alpeshkumar K. and Zuo, Le and Breeze, Matthew and Stroet, Martin and Poger, David and Nair, Pramod C. and Oostenbrink, Chris and Mark, Alan E.},
 journal = {J. Chem. Theory Comput.},
 pages = {4026--4037},
 title = {{A}n {A}utomated {F}orce {F}ield {T}opology {B}uilder ({A}TB) and {R}epository: {V}ersion 1.0},
 volume = {7},
 year = {2011}
}

@article{Margenau1939,
 author = {Margenau, H.},
 journal = {Rev. Mod. Phys.},
 pages = {1--35},
 title = {{V}an der {W}aals {F}orces},
 volume = {11},
 year = {1939}
}

@article{Markwick2008,
 author = {Markwick, Phineus R. L. AND Malliavin, Th{\'e}r{\`e}se AND Nilges, Michael},
 journal = {PLoS Comput. Biol.},
 pages = {1--7},
 title = {{S}tructural {B}iology by {N}MR: {S}tructure, {D}ynamics, and {I}nteractions},
 volume = {4},
 year = {2008}
}

@article{Marrink1996,
 author = {Marrink, Siewert J. and Berendsen, Herman J. C.},
 journal = {J. Phys. Chem.},
 pages = {16729--16738},
 title = {{P}ermeation {P}rocess of {S}mall {M}olecules across {L}ipid {M}embranes {S}tudied by {M}olecular {D}ynamics {S}imulations},
 volume = {100},
 year = {1996}
}

@article{Martyna1992,
 author = {Martyna,Glenn J.  and Klein,Michael L.  and Tuckerman,Mark },
 journal = {J. Chem. Phys.},
 pages = {2635--2643},
 title = {{N}os{\'e}-{H}oover {C}hains: {T}he {C}anonical {E}nsemble via {C}ontinuous {D}ynamics},
 volume = {97},
 year = {1992}
}

@article{Maxwell1860,
 author = {Maxwell, J. C.},
 journal = {The London, Edinburgh, and Dublin Philosophical
Magazine and Journal of Science},
 pages = {19--32},
 title = {{I}llustrations of the dynamical theory of gases. - {P}art {I}. {O}n the motions
and collisions of perfectly elastic spheres},
 volume = {19},
 year = {1860}
}

@article{Mccammon1977,
 author = {McCammon, J. Andrew
and Gelin, Bruce R.
and Karplus, Martin},
 journal = {Nature},
 pages = {585--590},
 title = {{D}ynamics of folded proteins},
 volume = {267},
 year = {1977}
}

@article{Meel2008,
 author = { J.A.   van Meel  and  A.   Arnold  and  D.   Frenkel  and  S.F.   Portegies Zwart  and    and  R.G.   Belleman },
 journal = {Mol. Simul.},
 pages = {259--266},
 title = {{H}arvesting graphics power for {M}D simulations},
 volume = {34},
 year = {2008}
}

@inbook{Meier2021,
 author = {Meier, Katharina and Bluck, Joseph P. and Christ, Clara D.},
 booktitle = {Free Energy Methods in Drug Discovery: Current State and Future Directions},
 chapter = {2},
 doi = {10.1021/bk-2021-1397.ch002},
 pages = {39-66},
 publisher = {ACS Publications},
 title = {{U}se of {F}ree {E}nergy {M}ethods in the {D}rug {D}iscovery {I}ndustry},
 year = {2021}
}

@article{Metropolis1953,
 author = {Metropolis,Nicholas  and Rosenbluth,Arianna W.  and Rosenbluth,Marshall N.  and Teller,Augusta H.  and Teller,Edward },
 journal = {J. Chem. Phys.},
 pages = {1087--1092},
 title = {{E}quation of {S}tate {C}alculations by {F}ast {C}omputing {M}achines},
 volume = {21},
 year = {1953}
}

@article{Miyamoto1992,
 author = {Miyamoto, Shuichi and Kollman, Peter A.},
 journal = {J. Comput. Chem.},
 pages = {952--962},
 title = {{S}ettle: {A}n {A}nalytical {V}ersion of the {S}HA{K}E and {R}AT{T}LE {A}lgorithm for {R}igid {W}ater {M}odels},
 volume = {13},
 year = {1992}
}

@article{Morse1929,
 author = {Morse, Philip M.},
 journal = {Phys. Rev.},
 pages = {57--64},
 title = {{D}iatomic {M}olecules {A}ccording to the {W}ave {M}echanics. {I}I. {V}ibrational {L}evels},
 volume = {34},
 year = {1929}
}

@article{Naray2003,
 author = {G{\'a}bor N{\'r}ay-Szab{\'a}nd Imre Berente},
 journal = {J. Mol. Struct},
 pages = {637--644},
 title = {{C}omputer {M}odelling of {E}nzyme {R}eactions},
 volume = {666--667},
 year = {2003}
}

@article{Neria1996,
 author = {Neria,Eyal  and Fischer,Stefan  and Karplus,Martin },
 journal = {J. Chem. Phys.},
 pages = {1902--1921},
 title = {{S}imulation of {A}ctivation {F}ree {E}nergies in {M}olecular {S}ystems},
 volume = {105},
 year = {1996}
}

@book{Newton1726,
 author = { Newton, Isaac },
 publisher = { Innys },
 title = {{P}hilosophi{\ae} naturalis principia mathematica },
 year = { 1726 }
}

@article{Nose1983,
 author = { Nos{\'e}, Shuichi  and Klein, M.L. },
 journal = {Mol. Phys.},
 pages = {1055--1076},
 title = {{C}onstant {P}ressure {M}olecular {D}ynamics for {M}olecular {S}ystems},
 volume = {50},
 year = {1983}
}

@article{Nose1984,
 author = { Nos{\'e}, Sh{\= u}ichi },
 journal = {Mol. Phys.},
 pages = {255--268},
 title = {{A} Molecular {D}ynamics {M}ethod for {S}imulations in the {C}anonical {E}nsemble},
 volume = {52},
 year = {1984}
}

@article{Nose1984A,
 author = {Nos{\'e}, Shuichi },
 journal = {J. Chem. Phys.},
 pages = {511--519},
 title = {{A} Unified {F}ormulation of the {C}onstant {T}emperature {M}olecular {D}ynamics {M}ethods},
 volume = {81},
 year = {1984}
}

@article{Oostenbrink2004,
 author = {Oostenbrink, Chris and Villa, Alessandra and Mark, Alan E. and Van Gunsteren, Wilfred F.},
 journal = {J. Comp. Chem.},
 pages = {1656--1676},
 title = {{A} biomolecular force field based on the free enthalpy of hydration and solvation: {T}he {G}RO{M}OS force-field parameter sets 53{A}5 and 53{A}6},
 volume = {25},
 year = {2004}
}

@article{Parrinello1981,
 author = {Parrinello,M.  and Rahman,A. },
 journal = {Int. J. Appl. Phys.},
 pages = {7182--7190},
 title = {{P}olymorphic {T}ransitions in {S}ingle {C}rystals: {A} New {M}olecular {D}ynamics {M}ethod},
 volume = {52},
 year = {1981}
}

@article{Pauling1931,
 author = {Pauling, Linus},
 journal = {J.  Am. Chem.  Soc. },
 pages = {1367--1400},
 title = {{T}he {N}ature of the {C}hemical {B}ond. {A}pplication of {R}esults {O}btained from the {Q}uantum {M}echanics and from a {T}heory of {P}aramagnetic {S}usceptibility to the {S}tructure of {M}olecules},
 volume = {53},
 year = {1931}
}

@article{Pauling1934,
 author = {Pauling, Linus and Huggins, M. L.},
 journal = {Z. Kristallogr. Cryst. Mater.},
 pages = {205--238},
 title = {{C}ovalent {R}adii of {A}toms and {I}nteratomic {D}istances in {C}rystals containing {E}lectron-{P}air {B}onds},
 volume = {87},
 year = {1934}
}

@article{Pauling1951,
 author = {Pauling, L.
and Corey, R. B.},
 journal = {Proceedings of the National Academy of Sciences of the United States of America},
 pages = {235--240},
 title = {{A}tomic {C}oordinates and {S}tructure {F}actors for {T}wo {H}elical {C}onfigurations of {P}olypeptide {C}hains},
 volume = {37},
 year = {1951}
}

@article{Pearlman1995,
 author = {Pearlman, David A and Case, David A and Caldwell, James W and Ross, Wilson S and Cheatham III, Thomas E and DeBolt, Steve and Ferguson, David and Seibel, George and Kollman, Peter},
 journal = {Comput. Phys. Commun.},
 pages = {1--41},
 title = {A{M}BE{R}, a {P}ackage of {C}omputer {P}rograms for {A}pplying {M}olecular {M}echanics, {N}ormal {M}ode {A}nalysis, {M}olecular {D}ynamics and {F}ree {E}nergy {C}alculations {T}o {S}imulate the {S}tructural and {E}nergetic {P}roperties of {M}olecules},
 volume = {91},
 year = {1995}
}

@misc{Phillips1981,
 author = {Phillips, D},
 publisher = {Adenine Press: Guilderland, NY},
 title = {{B}iomolecular {S}tereodynamics},
 year = {1981}
}

@article{Qiu2021,
 author = {Qiu, Yudong and Smith, Daniel G. A. and Boothroyd, Simon and Jang, Hyesu and Hahn, David F. and Wagner, Jeffrey and Bannan, Caitlin C. and Gokey, Trevor and Lim, Victoria T. and Stern, Chaya D. and Rizzi, Andrea and Tjanaka, Bryon and Tresadern, Gary and Lucas, Xavier and Shirts, Michael R. and Gilson, Michael K. and Chodera, John D. and Bayly, Christopher I. and Mobley, David L. and Wang, Lee-Ping},
 journal = {J. Chem. Theory Comput.},
 pages = {6262--6280},
 title = {{D}evelopment and {B}enchmarking of {O}pen {F}orce {F}ield v1.0.0 -- the {P}arsley {S}mall-{M}olecule {F}orce {F}ield},
 volume = {17},
 year = {2021}
}

@article{Riniker2012,
 author = {Riniker, Sereina and Allison, Jane R and van Gunsteren, Wilfred F},
 journal = {Phys. Chem. Chem. Phys.},
 pages = {12423--12430},
 title = {{O}n developing coarse-grained models for biomolecular simulation: a review},
 volume = {14},
 year = {2012}
}

@article{Rivera2019,
 author = {Rivera, Miguel and Dommett, Michael and Crespo-Otero, Rachel},
 journal = {J. Chem. Theo. Comp},
 pages = {2504--2516},
 title = {O{N}IO{M}(Q{M}:Q{M}{'}) {E}lectrostatic {E}mbedding {S}chemes for {P}hotochemistry in {M}olecular {C}rystals},
 volume = {15},
 year = {2019}
}

@article{Ryckaert1977,
 author = {Jean-Paul Ryckaert and Giovanni Ciccotti and Herman J.C Berendsen},
 journal = {J. Comp. Chem.},
 pages = {327--341},
 title = {{N}umerical {I}ntegration of the {C}artesian {E}quations of {M}otion of a {S}ystem {W}ith {C}onstraints: {M}olecular {D}ynamics of {N}-Alkanes},
 volume = {23},
 year = {1977}
}

@article{Ryde2003,
 author = {Ulf Ryde},
 journal = {Curr. Opin. Struct. Biol.},
 pages = {136--142},
 title = {{C}ombined {Q}uantum and {M}olecular {M}echanics {C}alculations on {M}etalloproteins},
 volume = {7},
 year = {2003}
}

@article{Schenkmayerova2021,
 author = {Schenkmayerova, Andrea
and Pinto, Gaspar P.
and Toul, Martin
and Marek, Martin
and Hernychova, Lenka
and Planas-Iglesias, Joan
and Daniel Liskova, Veronika
and Pluskal, Daniel
and Vasina, Michal
and Emond, Stephane
and D{\"o}rr, Mark
and Chaloupkova, Radka
and Bednar, David
and Prokop, Zbynek
and Hollfelder, Florian
and Bornscheuer, Uwe T.
and Damborsky, Jiri},
 journal = {Nature Commun.},
 pages = {3616},
 title = {{E}ngineering the {P}rotein {D}ynamics of an {A}ncestral {L}uciferase},
 volume = {12},
 year = {2021}
}

@article{Schmid2011,
 author = {Schmid, Nathan
and Eichenberger, Andreas P.
and Choutko, Alexandra
and Riniker, Sereina
and Winger, Moritz
and Mark, Alan E.
and van Gunsteren, Wilfred F.},
 journal = {Eur. Biophys. J.},
 pages = {843},
 title = {{D}efinition and {T}esting of the {G}RO{M}OS {F}orce-{F}ield {V}ersions 54{A}7 and 54{B}7},
 volume = {40},
 year = {2011}
}

@article{Schmid2012,
  title = {Architecture, Implementation and Parallelization of the {GROMOS} Software for Biomolecular Simulation},
  author = {N. Schmid and C. D. Christ and M. Christen and A. P. Eichenberger and W. F. van Gunsteren},
  year = {2012},
  journal = {Comp. Phys. Comm.},
  volume = {183},
  pages = {890--903}
}

@article{Schuler2001,
 author = {Schuler, Lukas D. and Daura, Xavier and van Gunsteren, Wilfred F.},
 journal = {J. Comp. Chem},
 pages = {1205--1218},
 title = {{A}n {I}mproved {G}RO{M}OS96 {F}orce {F}ield for {A}liphatic {H}ydrocarbons in the {C}ondensed {P}hase},
 volume = {22},
 year = {2001}
}

@article{Senn2009,
 author = {Senn, Hans Martin and Thiel, Walter},
 journal = {Angew. Chem. Int. Ed.},
 pages = {1198--1229},
 title = {Q{M}/M{M} Methods for {B}iomolecular {S}ystems},
 volume = {48},
 year = {2009}
}

@article{Shen2009,
 author = {Shen, Vincent K. and Cheung, Jason K. and Errington, Jeffrey R. and Truskett, Thomas M.},
 journal = {J. Biomech. Eng.},
 pages = {071002--1 -- 071002--6},
 title = {{I}nsights into {C}rowding {E}ffects on {P}rotein {S}tability from a {C}oarse-{G}rained {M}odel},
 volume = {131},
 year = {2009}
}

@article{Sheng2020,
 author = {Sheng, Xiang and Kazemi, Masoud and {\. Z}{\k a}d{\l}o-Dobrowolska, Anna and Kroutil, Wolfgang and Himo, Fahmi},
 journal = {ACS Catalysis},
 pages = {570--577},
 title = {{M}echanism of {B}iocatalytic {F}riedel-{C}rafts {A}cylation by {A}cyltransferase from {P}seudomonas protegens},
 volume = {10},
 year = {2020}
}

@article{Shi2014,
 author = {Yigong Shi},
 journal = {Cell},
 pages = {995--1014},
 title = {{A} Glimpse of {S}tructural {B}iology through {X}-Ray {C}rystallography},
 volume = {159},
 year = {2014}
}

@article{Simonson2002,
 author = {Simonson, Thomas and Archontis, Georgios and Karplus, Martin},
 journal = {Accounts of Chemical Research},
 pages = {430--437},
 title = {{F}ree {E}nergy {S}imulations {C}ome of {A}ge:\hspace{0.167em} {P}roteinâˆ’{L}igand {R}ecognition},
 volume = {35},
 year = {2002}
}

@article{Slater1931,
 author = {Slater, J. C.},
 journal = {Phys. Rev.},
 pages = {1109--1144},
 title = {{M}olecular {E}nergy {L}evels and {V}alence {B}onds},
 volume = {38},
 year = {1931}
}

@article{Somayajulu1958,
 author = {Somayajulu,G. R. },
 journal = {J. Chem. Phys.},
 pages = {822--824},
 title = {{O}n {C}ovalent {B}ond {L}ength and {B}ond {O}rder. {V}II{I}},
 volume = {28},
 year = {1958}
}

@article{Sprenger2015,
 author = {Sprenger, KG and Jaeger, Vance W and Pfaendtner, Jim},
 journal = {J. Phys. Chem.},
 pages = {5882--5895},
 title = {{T}he {G}eneral {A}MB{E}R {F}orce {F}ield ({G}AF{F}) can {A}ccurately {P}redict {T}hermodynamic and {T}ransport {P}roperties of {M}any {I}onic {L}iquids},
 volume = {119},
 year = {2015}
}

@article{Strauss1970,
 author = {Strauss, Herbert L and Pickett, Herbert M},
 journal = {J. Am. Chem. Soc.},
 pages = {7281--7290},
 title = {{C}onformational {S}tructure, {E}nergy, and {I}nversion {R}ates of {C}yclohexane and some {R}elated {O}xanes},
 volume = {92},
 year = {1970}
}

@article{Stroet2018,
 author = {Stroet, Martin and Caron, Bertrand and Visscher, Koen M. and Geerke, Daan P. and Malde, Alpeshkumar K. and Mark, Alan E.},
 journal = {J. Chem. Theory Comput.},
 pages = {5834--5845},
 title = {{A}utomated {T}opology {B}uilder {V}ersion 3.0: {P}rediction of {S}olvation {F}ree {E}nthalpies in {W}ater and {H}exane},
 volume = {14},
 year = {2018}
}

@article{Sugita2021,
 author = {Sugita, Masatake and Sugiyama, Satoshi and Fujie, Takuya and Yoshikawa, Yasushi and Yanagisawa, Keisuke and Ohue, Masahito and Akiyama, Yutaka},
 journal = {J. Chem. Inf. Model.},
 pages = {3681--3695},
 title = {{L}arge-{S}cale {M}embrane {P}ermeability {P}rediction of {C}yclic {P}eptides {C}rossing a {L}ipid {B}ilayer {B}ased on {E}nhanced {S}ampling {M}olecular {D}ynamics {S}imulations},
 volume = {61},
 year = {2021}
}

@article{Tembre1984,
 author = {Tembre, Bhalachandra L. and Mc Cammon, J.Andrew},
 journal = {Comput. Chem.},
 pages = {281--283},
 title = {{L}igand-{R}eceptor {I}nteractions},
 volume = {8},
 year = {1984}
}

@article{Tironi1995,
 author = {Tironi,Ilario G.  and Sperb, Ren{\'e}  and Smith,Paul E.  and van Gunsteren,Wilfred F. },
 journal = {J. Chem. Phys.},
 pages = {5451--5459},
 title = {{A} Generalized {R}eaction {F}ield {M}ethod for {M}olecular {D}ynamics {S}imulations},
 volume = {102},
 year = {1995}
}

@article{Torchia1984,
 author = {Torchia, Dennis A},
 journal = {Annual review of biophysics and bioengineering},
 pages = {125--144},
 title = {{S}olid {S}tate {N}MR {S}tudies of {P}rotein {I}nternal {D}ynamics},
 volume = {13},
 year = {1984}
}

@article{Tozzini2005,
 author = {Valentina Tozzini},
 journal = {Curr. Opin. Struct. Biol.},
 pages = {144--150},
 title = {{C}oarse-grained models for proteins},
 volume = {15},
 year = {2005}
}

@article{Vetta2018,
 author = {De Vetta, Martina and Menger, Maximilian F. S.
J. and Nogueira, Juan J. and Gonz{\'a}lez, Leticia},
 journal = {The J. Chem. Phys},
 pages = {2975--2984},
 title = {{S}olvent {E}ffects on {E}lectronically {E}xcited {S}tates: {Q}M/{C}ontinuum {V}ersus {Q}M/{E}xplicit {M}odels},
 volume = {122},
 year = {2018}
}

@article{Wagner1997,
 author = {Wagner, G},
 journal = {Nat. Struct.},
 pages = {841--844},
 title = {{A}n account of {N}MR in structural biology},
 volume = {4},
 year = {1997}
}

@article{Wang2021,
 author = {Wang, Shuzhe and K{\"o}nig, Gerhard and Roth, Hans-J{\"o}rg and Fouch{\'e}, Marianne and Rodde, Stephane and Riniker, Sereina},
 journal = {J. Med. Chem.},
 pages = {12761--12773},
 title = {{E}ffect of {F}lexibility, {L}ipophilicity, and the {L}ocation of {P}olar {R}esidues on the {P}assive {M}embrane {P}ermeability of a {S}eries of {C}yclic {D}ecapeptides},
 volume = {64},
 year = {2021}
}

@article{Watson1953,
 author = {Watson, J. D.
and Crick, F. H. C.},
 journal = {Nature},
 pages = {737--738},
 title = {{M}olecular {S}tructure of {N}ucleic {A}cids: {A} Structure for {D}eoxyribose {N}ucleic {A}cid},
 volume = {171},
 year = {1953}
}

@article{Weiner1981,
 author = {Weiner, Paul K and Kollman, Peter A},
 journal = {J. Comput. Chem.},
 pages = {287--303},
 title = {A{M}BE{R}: {A}ssisted {M}odel {B}uilding {W}ith {E}nergy {R}efinement. {A} General {P}rogram for {M}odeling {M}olecules and {T}heir {I}nteractions},
 volume = {2},
 year = {1981}
}

@article{Witek2016,
 author = {Witek, Jagna and Keller, Bettina G. and Blatter, Markus and Meissner, Axel and Wagner, Trixie and Riniker, Sereina},
 journal = {J. Chem. Inf. Model.},
 pages = {1547--1562},
 title = {{K}inetic {M}odels of {C}yclosporin {A} in {P}olar and {A}polar {E}nvironments {R}eveal {M}ultiple {C}ongruent {C}onformational {S}tates},
 volume = {56},
 year = {2016}
}

@article{Witek2017,
 author = {Witek, Jagna and M{\"u}hlbauer, Max and Keller, Bettina G. and Blatter, Markus and Meissner, Axel and Wagner, Trixie and Riniker, Sereina},
 journal = {     ChemPhysChem},
 pages = {3309--3314},
 title = {{I}nterconversion {R}ates between {C}onformational {S}tates as {R}ationale for the {M}embrane {P}ermeability of {C}yclosporines},
 volume = {18},
 year = {2017}
}

@article{Witek2019,
 author = {Witek, Jagna and Wang, Shuzhe and Schroeder, Benjamin and Lingwood, Robin and Dounas, Andreas and Roth, Hans-J{\"o}rg and Fouch{\'e}, Marianne and Blatter, Markus and Lemke, Oliver and Keller, Bettina and Riniker, Sereina},
 journal = {J. Chem. Inf. Model.},
 pages = {294--308},
 title = {{R}ationalization of the {M}embrane {P}ermeability {D}ifferences in a {S}eries of {A}nalogue {C}yclic {D}ecapeptides},
 volume = {59},
 year = {2019}
}

@article{Wuthrich1975,
 author = {W{\"u}thrich, K. and Wagner, G.},
 journal = {FEBS Lett.},
 pages = {265--268},
 title = {N{M}R {I}nvestigations of the {D}ynamics of the {A}romatic {A}mino {A}cid {R}esidues in the {B}asic {P}ancreatic {T}rypsin {I}nhibitor},
 volume = {50},
 year = {1975}
}

@article{Yang2019,
 author = {Yang,Yi Isaac  and Shao,Qiang  and Zhang,Jun  and Yang,Lijiang  and Gao,Yi Qin },
 journal = {The Journal of Chemical Physics},
 pages = {070902},
 title = {{E}nhanced {S}ampling in {M}olecular {D}ynamics},
 volume = {151},
 year = {2019}
}

@article{Ytreberg2006,
 author = {Ytreberg, F. Marty and Zuckerman, Daniel M.},
 journal = {J. Chem. Phys.},
 pages = {1--9},
 title = {{S}imple {E}stimation of {A}bsolute {F}ree {E}nergies for {B}iomolecules},
 volume = {124},
 year = {2006}
}

@article{Zwanzig1954,
 author = {Zwanzig, Robert W},
 journal = {J. Chem. Phys.},
 pages = {1420--1426},
 title = {{H}igh-{T}emperature {E}quation of {S}tate by a {P}ertubation {M}ethod. {I}. {N}onpolar {G}ases},
 volume = {22},
 year = {1954}
}

@book{Goethe1825,
  title={Faust: Eine Tragoedie},
  author={Goethe, Johann Wolfgang},
  year={1825},
  publisher={Cotta}
}