@article{Abraham2015,
 author = {Abraham, Mark J. and Murtola,Teemu and  Schulz, Roland and  Pall, Szil\'ard and Smith, Jeremy C. and Hess, Berk and Lindahl, Erik},
 journal = {SoftwareX},
 pages = {19--25},
 title = {Gromacs: High Performance Molecular Simulations Through Multi-level Parallelism from Laptops to Supercomputers},
 volume = {1-2},
 year = {2015}
}

@article{Andersen1980,
 author = {Andersen, Hans C.},
 journal = {J. Chem. Phys.},
 pages = {2384--2393},
 title = {{M}olecular {D}ynamics {S}imulations at {C}onstant {P}ressure and/or {T}emperature},
 volume = {72},
 year = {1980}
}

@article{Armacost2020,
 author = {Armacost, Kira A. and Riniker, Sereina and Cournia, Zoe},
 journal = {J. Chem. Inf. Model.},
 pages = {1--5},
 title = {{N}ovel {D}irections in {F}ree {E}nergy {M}ethods and {A}pplications},
 volume = {60},
 year = {2020}
}

@article{Bennett1976,
 author = {Bennett, Charles H},
 journal = {J. Comput. Phys.},
 pages = {245--268},
 title = {{E}fficient {E}stimation of {F}ree {E}nergy {D}ifferences {F}rom {M}onte {C}arlo {D}ata},
 volume = {22},
 year = {1976}
}

@article{Berendsen1995,
 author = {Berendsen, H. J. C.  and van der Spoel,D.  and van Drunen, R. },
 journal = {Comp. Phys. Comm.},
 pages = {43--56},
 title = {G{R}OMACS: {A} Message-{P}assing {P}arallel {M}olecular {D}ynamics {I}mplementation},
 volume = {91},
 year = {1995}
}

@inproceedings{Binder2018,
 author = { Project Jupyter and Matthias Bussonnier and Jessica Forde and Jeremy Freeman and Brian Granger and Tim Head and Chris Holdgraf and Kyle Kelley and Gladys Nalvarte and Andrew Osheroff and M Pacer and Yuvi Panda and Fernando Perez and Benjamin Ragan-Kelley and Carol Willing },
 booktitle = { Proceedings of the 17th Python in Science Conference },
 doi = { 10.25080/Majora-4af1f417-011 },
 editor = { Fatih Akici and David Lippa and Dillon Niederhut and M Pacer },
 pages = { 113 - 120 },
 title = { {B}inder 2.0 - {R}eproducible, interactive, sharable environments for science at scale },
 year = { 2018 }
}

@misc{Brandl2008,
 author = {Brandl, Georg},
 title = {{S}phinx {D}ocumentation {T}ool},
 year = {2008}
}

@article{Brooks2009,
 author = {Brooks, B R and Brooks III, C L and Mackerell Jr., A D and Nilsson, L and Petrella, R J and Roux, B and Won, Y and Archontis, G and Bartels, C and Boresch, S and Caflisch, A and Caves, L and Cui, Q and Dinner, A R and Feig, M and Fischer, S and Gao, J and Hodoscek, M and Im, W and Kuczera, K and Lazaridis, T and Ma, J and Ovchinnikov, V and Paci, E and Pastor, R W and Post, C B and Pu, J Z and Schaefer, M and Tidor, B and Venable, R M and Woodcock, H L and Wu, X and Yang, W and York, D M and Karplus, M},
 journal = {J. Comput. Chem.},
 pages = {1545--1614},
 title = {C{H}AR{M}M: {T}he {B}iomolecular {S}imulation {P}rogram},
 volume = {30},
 year = {2009}
}

@article{Brunger1984,
 author = {Br{\"u}nger, Axel and Brooks, Charles L. and Karplus, Martin},
 journal = {Chem. Phys. Lett.},
 pages = {495--500},
 title = {{S}tochastic {B}oundary {C}onditions for {M}olecular {D}ynamics {S}imulations of {S}T2 {W}ater},
 volume = {105},
 year = {1984}
}

@book{Chacon2014,
 author = {Chacon, Scott and Straub, Ben},
 publisher = {Springer Nature},
 title = {{P}ro git},
 year = {2014}
}

@article{Cheatham1995,
 author = {Cheatham, T. E. and Miller, J. L. and Fox, T. and Darden, T. A. and Kollman, P. A.},
 journal = {J. Am. Chem. Soc.},
 pages = {4193--4194},
 title = {{M}olecular {D}ynamics {S}imulations on {S}olvated {B}iomolecular {S}ystems: {T}he {P}article {M}esh {E}wald {M}ethod {L}eads to {S}table {T}rajectories of {D}NA, {R}NA, and {P}roteins},
 volume = {117},
 year = {1995}
}

@article{Christ2007,
 author = {Christ, Clara D. and van Gunsteren, Wilfred F.},
 journal = {J. Chem. Phys.},
 pages = {184110},
 title = {{E}nveloping {D}istribution {S}ampling: {A} Method to {C}alculate {F}ree {E}nergy {D}ifferences {F}rom a {S}ingle {S}imulation},
 volume = {126},
 year = {2007}
}

@article{Christ2008,
 author = {Christ, Clara D. and van Gunsteren, Wilfred F.},
 journal = {J. Chem. Phys.},
 pages = {174112},
 title = {{M}ultiple {F}ree {E}nergies {F}rom a {S}ingle {S}imulation: {E}xtending {E}nveloping {D}istribution {S}ampling to {N}onoverlapping {P}hase-space {D}istributions},
 volume = {128},
 year = {2008}
}

@article{Christ2009,
 author = {Christ, Clara D and Mark, Alan E and van Gunsteren, Wilfred F},
 journal = {J. Comput. Chem.},
 pages = {1569--1582},
 title = {{B}asic {I}ngredients of {F}ree {E}nergy {C}alculations: {A} Review},
 volume = {31},
 year = {2009}
}

@article{Cournia2020,
 author = {Cournia, Zoe and Allen, Bryce K. and Beuming, Thijs and Pearlman, David A. and Radak, Brian K. and Sherman, Woody},
 journal = {J. Chem. Inf. Model.},
 pages = {4153 -- 4169},
 title = {{R}igorous {F}ree {E}nergy {S}imulations in {V}irtual {S}creening},
 volume = {60},
 year = {2020}
}

@article{Donnini2016,
 author = {Donnini, Serena and Ullmann, R. Thomas and Groenhof, Gerrit and Grubm{\"u}ller, Helmut},
 journal = {J. Chem. Theory Comput.},
 pages = {1040--1051},
 title = {{C}harge-{N}eutral {C}onstant p{H} Molecular {D}ynamics {S}imulations {U}sing a {P}arsimonious {P}roton {B}uffer},
 volume = {12},
 year = {2016}
}

@article{Eastman2017,
 author = {Eastman, Peter and Swails, Jason and Chodera, John D. and McGibbon, Robert T. and Zhao, Yutong and Beauchamp, Kyle A. and Wang, Lee Ping and Simmonett, Andrew C. and Harrigan, Matthew P. and Stern, Chaya D. and Wiewiora, Rafal P. and Brooks, Bernard R. and Pande, Vijay S.},
 journal = {PLoS Comput. Biol.},
 pages = {e1005659},
 title = {{O}pen{M}M 7: {R}apid {D}evelopment of {H}igh {P}erformance {A}lgorithms for {M}olecular {D}ynamics},
 volume = {13},
 year = {2017}
}

@misc{Githhubaction20,
 author = {Github},
 title = {{G}ithub {A}ctions},
 url = {https://docs.github.com/en/actions/reference},
 year = {2007}
}

@misc{Github2020,
 author = {Github},
 title = {{G}it{H}ub},
 url = {https://github.com/},
 year = {2020}
}

@article{Hahn2019,
 author = {Hahn, David F and H{\"u}nenberger, Philippe H},
 journal = {J. Chem. Theory Comput.},
 pages = {2392--2419},
 title = {{A}lchemical {F}ree-{E}nergy {C}alculations by {M}ultiple-{R}eplica -{D}ynamics: {T}he {C}onveyor {B}elt {T}hermodynamic {I}ntegration {S}cheme},
 volume = {15},
 year = {2019}
}

@article{Hansen2014,
 author = {Hansen, Niels and van Gunsteren, Wilfred F.},
 journal = {J. Chem. Theory Comput.},
 pages = {2632--2647},
 title = {{P}ractical {A}spects of {F}ree-{E}nergy {C}alculations: {A} Review},
 volume = {10},
 year = {2014}
}

@article{Hastings1970,
 author = {Hastings, W. K.},
 journal = {Biometrika},
 pages = {97--109},
 title = {{M}onte {C}arlo {S}ampling {M}ethods {U}sing {M}arkov {C}hains and {T}heir {A}pplications},
 volume = {57},
 year = {1970}
}

@article{Hestenes1952,
 author = {Hestenes, Magnus R and Stiefel, Eduard},
 journal = {J. Res. Natl. Bur. Stand.},
 pages = {409--436},
 title = {{M}ethods of {C}onjugate {G}radients for {S}olving {L}inear {S}ystems},
 volume = {49},
 year = {1952}
}

@article{Huber1994,
 author = {Huber, Thomas and Torda, Andrew E. and van Gunsteren, Wilfred F.},
 journal = {J. Comput. Aided Mol. Des.},
 pages = {695--708},
 title = {{L}ocal {E}levation: {A} Method for {I}mproving the {S}earching {P}roperties of {M}olecular {D}ynamics {S}imulation},
 volume = {8},
 year = {1994}
}

@article{Hunter2007,
 author = {Hunter, John D.},
 journal = {Comput. Sci. Eng.},
 pages = {99--104},
 title = {{M}atplotlib: {A} 2{D} Graphics {E}nvironment},
 volume = {9},
 year = {2007}
}

@article{Jones1924,
 author = {Jones, J. E.},
 journal = {Proc. Royal Soc. London},
 pages = {441--462},
 title = {{O}n the {D}etermination of {M}olecular {F}ields. {I}. {F}rom the {V}ariation of the {V}iscosity of a {G}as with {T}emperature},
 volume = {106},
 year = {1924}
}

@article{Kirkwood1935,
 author = {Kirkwood, John G},
 journal = {J. Chem. Phys.},
 pages = {300--313},
 title = {{S}tatistical {M}echanics of {F}luid {M}ixtures},
 volume = {3},
 year = {1935}
}

@article{Kluyver2016,
 author = {Kluyver, Thomas and Ragan-kelley, Benjamin and P{\'e}rez, Fernando and Granger, Brian and Bussonnier, Matthias and Frederic, Jonathan and Kelley, Kyle and Hamrick, Jessica and Grout, Jason and Corlay, Sylvain and Ivanov, Paul and Avila, Dami{\'a}n and Abdalla, Safia and Willing, Carol and Development Team, Jupyter},
 journal = {ELPUB},
 pages = {87--90},
 title = {{J}upyter {N}otebooks \textemdash  - {A} Publishing {F}ormat for {R}eproducible {C}omputational {W}orkflows},
 volume = {-},
 year = {2016}
}

@article{Koenig2020,
author = {K\"onig, Gerhard and Glaser, Nina and Schroeder, Benjamin and H{\"{u}}nenberger, Philippe Henry and Riniker, Sereina},
title = {An Alternative to Conventional $\lambda$-Intermediate States in Alchemical Free Energy Calculations: $\lambda$-Enveloping Distribution Sampling},
year = {2020},
journal = {J. Chem. Inf. Model.},
volume = {60},
pages = {5407–-5423}
}


@article{Konig2012,
 author = {K{\"o}nig, Gerhard and Boresch, Stefan},
 journal = {J. Comput. Chem.},
 pages = {1082--1090},
 title = {{N}on-{B}oltzmann {S}ampling and {B}ennett\textquotesingle  s {A}cceptance {R}atio {M}ethod: {H}ow to {P}rofit from {B}ending the {R}ules},
 volume = {32},
 year = {2012}
}

@article{Konig2018,
 author = {K{\"o}nig, Gerhard and Brooks, Bernard R. and Thiel, Walter and York, Darrin M.},
 journal = {Mol. Sim.},
 pages = {1062--1081},
 title = {{O}n the {C}onvergence of {M}ulti-scale {F}ree {E}nergy {S}imulations},
 volume = {44},
 year = {2018}
}

@misc{Krekel2004,
 author = {Krekel, Holger and Oliveira, Bruno and Pfannschmidt, Ronny and Bruynooghe, Floris and Laugher, Brianna and Bruhin, Florian and Al, Et},
 title = {{P}ytest: {H}elps {Y}ou {W}rite {B}etter {P}rograms},
 year = {2004}
}

@article{Laio2002,
 author = {Laio, Alessandro and Parrinello, Michele},
 journal = {Proceed. Natl. Acad. Sci. U.S.A.},
 pages = {12562--12566},
 title = {{E}scaping {F}ree-{E}nergy {M}inima},
 volume = {20},
 year = {2002}
}

@book{Leach2001,
 author = {Leach, Andrew R.},
 publisher = {Pearson Education Limited},
 title = {{M}olecular {M}odelling -- {P}rinciples and {A}pplications},
 year = {2001}
}

@article{Lemke2018,
 author = {Lemke, Oliver and Keller, Bettina G.},
 journal = {Algorithms},
 pages = {19},
 title = {{C}ommon {N}earest {N}eighbor {C}lustering -- {A} Benchmark},
 volume = {11},
 year = {2018}
}

@article{Lindahl2001,
 author = {Lindahl, Erik and Hess, Berk and van der Spoel, David},
 journal = {J. Mol. Model.},
 pages = {306--317},
 title = {G{R}OM{A}CS 3.0: {A} Package for {M}olecular {S}imulation and {T}rajectory {A}nalysis},
 volume = {7},
 year = {2001}
}

@article{Mckinney2010,
 author = {McKinney, Wes},
 journal = {Proc. of the 9th Python in Science Conf. },
 pages = {51--56},
 title = {{D}ata {S}tructures for {S}tatistical {C}omputing in {P}ython},
 volume = {445},
 year = {2010}
}

@article{Meurer2017,
 author = {Meurer, Aaron and Smith, Christopher P and Paprocki, Mateusz and {\v C}ert{\i}́k, Ond\textdollar  \textbackslash  backslash\textdollar  vrej and Kirpichev, Sergey B and Rocklin, Matthew and Kumar, AMiT and Ivanov, Sergiu and Moore, Jason K and Singh, Sartaj and Rathnayake, Thilina and Vig, Sean and Granger, Brian E and Muller, Richard P and Bonazzi, Francesco and Gupta, Harsh and Vats, Shivam and Johansson, Fredrik and Pedregosa, Fabian and Curry, Matthew J and Terrel, Andy R and Rou{\v c}ka, {\v S}t{\v e}p{\'a}n and Saboo, Ashutosh and Fernando, Isuru and Kulal, Sumith and Cimrman, Robert and Scopatz, Anthony},
 journal = {PeerJ Comput. Sci.},
 pages = {103},
 title = {{S}ym{P}y: {S}ymbolic {C}omputing in {P}ython},
 volume = {3},
 year = {2017}
}

@misc{Naden2018,
 author = {Naden, Levi N. and Smith, Daniel G. A.},
 publisher = {Molecular Sciences Software Institute (MolSSI)},
 title = {{C}ookiecutter for {C}omputational {M}olecular {S}ciences ({C}MS) {P}ython {P}ackages},
 year = {2018}
}

@article{Pedregosa2011,
 author = {Pedregosa, F. and Varoquaux, G. and Gramfort, A. and Michel, V.
and Thirion, B. and Grisel, O. and Blondel, M. and Prettenhofer, P.
and Weiss, R. and Dubourg, V. and Vanderplas, J. and Passos, A. and
Cournapeau, D. and Brucher, M. and Perrot, M. and Duchesnay, E.},
 journal = {Journal of Machine Learning Research},
 pages = {2825--2830},
 title = {{S}cikit-learn: {M}achine {L}earning in {P}ython},
 volume = {12},
 year = {2011}
}

@article{Peng2011,
 author = {Peng, Roger D.},
 journal = {Science},
 pages = {1226--1228},
 title = {{R}eproducible {R}esearch in {C}omputational {S}cience},
 volume = {334},
 year = {2011}
}

@article{Pohorille2010,
 author = {Pohorille, Andrew and Jarzynski, Christopher and Chipot, Christophe},
 journal = {J. Phys. Chem. B},
 pages = {10235--10253},
 title = {{G}ood {P}ractices in {F}ree-{E}nergy {C}alculations},
 volume = {114},
 year = {2010}
}

@article{Sidler2016,
 author = {Sidler, Dominik and Schwaninger, Arthur and Riniker, Sereina},
 journal = {J. Chem. Phys.},
 pages = {154114},
 title = {{R}eplica {E}xchange {E}nveloping {D}istribution {S}ampling ({R}E-{E}DS): {A} Robust {M}ethod to {E}stimate {M}ultiple {F}ree-{E}nergy {D}ifferences {F}rom a {S}ingle {S}imulation},
 volume = {145},
 year = {2016}
}

@article{Sidler2017,
 author = {Sidler, Dominik and Crist{\`o}fol-Clough, Michael and Riniker, Sereina},
 journal = {J. Chem. Theory Comput.},
 pages = {3020--3030},
 title = {{E}fficient {R}ound-{T}rip {T}ime {O}ptimization for {R}eplica-{E}xchange {E}nveloping {D}istribution {S}ampling ({R}E-{E}DS)},
 volume = {13},
 year = {2017}
}

@article{Stodden2016,
 author = {Stodden, Victoria and McNutt, Marcia and Bailey, David H. and Deelman, Ewa and Gil, Yolanda and Hanson, Brooks and Heroux, Michael A. and Ioannidis, John P.A. and Taufer, Michela},
 journal = {Science},
 pages = {1240--1241},
 title = {{E}nhancing {R}eproducibility for {C}omputational {M}ethods},
 volume = {354},
 year = {2016}
}

@article{Straatsma1991,
 author = {Straatsma, T. P. and McCammon, J. A.},
 journal = {J. Chem. Phys.},
 pages = {1175--1188},
 title = {{M}ulticonfiguration {T}hermodynamic {I}ntegration},
 volume = {95},
 year = {1991}
}

@book{Stroustrup1995,
 author = {Stroustrup, Bjarne},
 publisher = {Addison-Wesley},
 title = {{T}he {C}++ {P}rogramming {L}anguage},
 year = {1995}
}

@article{Sugita1999,
 author = {Sugita, Yuji and Okamoto, Yuko},
 journal = {Chem. Phys. Lett.},
 pages = {141--151},
 title = {{R}eplica-{E}xchange {M}olecular {D}ynamics {M}ethod for {P}rotein {F}olding},
 volume = {314},
 year = {1999}
}

@article{Sugita2000,
 author = {Sugita, Yuji and Kitao, Akio and Okamoto, Yuko},
 journal = {J. Chem. Phys.},
 pages = {6042--6051},
 title = {{M}ultidimensional {R}eplica-{E}xchange {M}ethod for {F}ree-{E}nergy {C}alculations},
 volume = {113},
 year = {2000}
}

@article{Valleau1972,
 author = {Valleau, J. P. and Card, D. N.},
 journal = {J. Chem. Phys.},
 pages = {5457--5462},
 title = {{M}onte {C}arlo {E}stimation of the {F}ree {E}nergy by {M}ultistage {S}ampling},
 volume = {57},
 year = {1972}
}

@article{Valleau1977,
 author = {Torrie, G. M and Valleau, J. P.},
 journal = {J. Comput. Phys.},
 pages = {187--199},
 title = {{N}onphysical {S}ampling {D}istributions in {M}onte {C}arlo {F}ree-{E}nergy {E}stimation: {U}mbrella {S}ampling},
 volume = {23},
 year = {1977}
}

@article{Vanderspoel2005,
 author = {van der Spoel, David and Lindahl, Erik and Hess, Berk and Groenhof, Gerrit and Mark, Alan E. and Berendsen, Herman J.C.},
 journal = {J. Comput. Chem.},
 pages = {1701--1718},
 title = {G{R}OM{A}CS: {F}ast, {F}lexible, and {F}ree},
 volume = {26},
 year = {2005}
}

@article{Vanderwalt2011,
 author = {Van Der Walt, St{\'e}fan and Colbert, S. Chris and Varoquaux, Ga{\"e}l},
 journal = {Comput. Sci. Eng.},
 pages = {22--30},
 title = {{T}he {N}um{P}y {A}rray: {A} Structure for {E}fficient {N}umerical {C}omputation},
 volume = {13},
 year = {2011}
}

@article{Vangunsteren1988,
 author = {van Gunsteren, W. F. and Berendsen, H. J.C.},
 journal = {Mol. Sim.},
 pages = {173--185},
 title = {{A} Leap-{F}rog {A}lgorithm for {S}tochastic {D}ynamics},
 volume = {1},
 year = {1988}
}

@misc{Vanrossum2009,
 address = {Scotts Valley, CA},
 author = {Van Rossum, Guido and Drake, Fred L.},
 doi = {10.5555/1593511},
 publisher = {Create Space},
 title = {{P}ython 3 {R}eference {M}anual},
 year = {2009}
}

@article{Virtanen2020,
 author = {Virtanen, Pauli and Gommers, Ralf and Oliphant, Travis E. and Haberland, Matt and Reddy, Tyler and Cournapeau, David and Burovski, Evgeni and Peterson, Pearu and Weckesser, Warren and Bright, Jonathan and van der Walt, St{\'e}fan J. and Brett, Matthew and Wilson, Joshua and Millman, K. Jarrod and Mayorov, Nikolay and Nelson, Andrew R.J. and Jones, Eric and Kern, Robert and Larson, Eric and Carey, C. J. and Polat, {\. I}lhan and Feng, Yu and Moore, Eric W. and VanderPlas, Jake and Laxalde, Denis and Perktold, Josef and Cimrman, Robert and Henriksen, Ian and Quintero, E. A. and Harris, Charles R. and Archibald, Anne M. and Ribeiro, Ant{\^o}nio H. and Pedregosa, Fabian and van Mulbregt, Paul and Vijaykumar, Aditya and Bardelli, Alessandro Pietro and Rothberg, Alex and Hilboll, Andreas and Kloeckner, Andreas and Scopatz, Anthony and Lee, Antony and Rokem, Ariel and Woods, C. Nathan and Fulton, Chad and Masson, Charles and H{\"a}ggstr{\"o}m, Christian and Fitzgerald, Clark and Nicholson, David A. and Hagen, David R. and Pasechnik, Dmitrii V. and Olivetti, Emanuele and Martin, Eric and Wieser, Eric and Silva, Fabrice and Lenders, Felix and Wilhelm, Florian and Young, G. and Price, Gavin A. and Ingold, Gert Ludwig and Allen, Gregory E. and Lee, Gregory R. and Audren, Herv{\'e} and Probst, Irvin and Dietrich, J{\"o}rg P. and Silterra, Jacob and Webber, James T. and Slavi{\v c}, Janko and Nothman, Joel and Buchner, Johannes and Kulick, Johannes and Sch{\"o}nberger, Johannes L. and de Miranda Cardoso, Jos{\'e} Vin{\i}́cius and Reimer, Joscha and Harrington, Joseph and Rodr\textbackslash  {\' g}uez, Juan Luis Cano and Nunez-Iglesias, Juan and Kuczynski, Justin and Tritz, Kevin and Thoma, Martin and Newville, Matthew and K{\"u}mmerer, Matthias and Bolingbroke, Maximilian and Tartre, Michael and Pak, Mikhail and Smith, Nathaniel J. and Nowaczyk, Nikolai and Shebanov, Nikolay and Pavlyk, Oleksandr and Brodtkorb, Per A. and Lee, Perry and McGibbon, Robert T. and Feldbauer, Roman and Lewis, Sam and Tygier, Sam and Sievert, Scott and Vigna, Sebastiano and Peterson, Stefan and More, Surhud and Pudlik, Tadeusz and Oshima, Takuya and Pingel, Thomas J. and Robitaille, Thomas P. and Spura, Thomas and Jones, Thouis R. and Cera, Tim and Leslie, Tim and Zito, Tiziano and Krauss, Tom and Upadhyay, Utkarsh and Halchenko, Yaroslav O. and V{\'a}zquez-Baeza, Yoshiki},
 journal = {Nature Methods},
 pages = {261--272},
 title = {{S}ci{P}y 1.0: {F}undamental {A}lgorithms for {S}cientific {C}omputing in {P}ython},
 volume = {17},
 year = {2020}
}

@article{Weiss2016,
 author = {Wei{\ss}, R. Gregor and Setny, Piotr and Dzubiella, Joachim},
 journal = {J. Phys. Chem. B},
 pages = {8127--8136},
 title = {{S}olvent {F}luctuations {I}nduce {N}on-{M}arkovian {K}inetics in {H}ydrophobic {P}ocket-{L}igand {B}inding},
 volume = {120},
 year = {2016}
}

@article{Yamauchi2017,
 author = {Yamauchi, Masataka and Okumura, Hisashi},
 journal = {J. Chem. Phys.},
 pages = {184107},
 title = {{D}evelopment of {I}sothermal-{I}sobaric {R}eplica-{P}ermutation {M}ethod for {M}olecular {D}ynamics and {M}onte {C}arlo {S}imulations and {I}ts {A}pplication to {R}eveal {T}emperature and {P}ressure {D}ependence of {F}olded, {M}isfolded, and {U}nfolded {S}tates of {C}hignolin},
 volume = {147},
 year = {2017}
}

@article{Zwanzig1954,
 author = {Zwanzig, Robert W},
 journal = {J. Chem. Phys.},
 pages = {1420--1426},
 title = {{H}igh-{T}emperature {E}quation of {S}tate by a {P}ertubation {M}ethod. {I}. {N}onpolar {G}ases},
 volume = {22},
 year = {1954}
}

