% read 20988 references from /home/dahahn/lars/lars.txt
% duplicate reference code MA18.2
% PRINT REFLIST SMALLER TO SAVE PAPER
{\renewcommand{\baselinestretch}{0.5}\scriptsize
% found 1349 citations in source file
% found 523 unique citations in source file
% found 0 unknown citations in source file
\bibitem{MA83.6} J. Mansfeld, {\em Die Vorsokratiker. Griechisch/Deutsch.}; Stuttgart: Reclam., {\bf 1983}.
\bibitem{DI51.1} H. Diels, W. Kranz, {\em Die Fragmente der Vorsokratiker. Edition 6.}; Weidmann Berlin, {\bf 1951}.
\bibitem{TA99.1} C.C.W. Taylor, {\em The Atomists: Leucippus and Democritus. Fragments, A Text and Translation with Commentary.}; Toronto: University of Toronto Press, {\bf 1999}.
\bibitem{ST30.1} J.L. Stocks, {\em The works of Aristotle translated into English - De Caelo Volume 2. Edition Ross, W.D..}; Clarendon Press, Oxford, {\bf 1930}.
\bibitem{CH09.22} A. Chalmers, {\em The Scientist's Atom and the Philosopher's Stone. How Science Succeeded and Philosophy Failed to Gain Knowledge of Atoms.}; Springer Netherlands, {\bf 2009}.
\bibitem{NE99.1} I. Newton, {\em The Principia: Mathematical principles of natural philosophy. (A new translation by I. B. Cohen and A. Whitman).}; University of California Press, Berkeley, USA, {\bf 1999}.
\bibitem{CA62.1} F. Cajori, {\em Sir Isaac Newton's mathematical principles of natural philosophy and his system of the world.}; Univ. California Press, Berkeley, USA, {\bf 1962}.
\bibitem{CH14.20} A. Chalmers, Atomism from the 17th to the 20th Century In: {\em The Stanford Encyclopedia of Philosophy}; E.N. Zalta, Ed.; Metaphysics Research Lab, Stanford Univ., USA, {\bf 2014};https://plato.stanford.edu/archives/win2014/entries/atomism-modern/. 
\bibitem{SC98.6} M.F. Schlecht, {\em Molecular modeling on the PC.}; Wiley-VCH, New York, {\bf 1998}.
\bibitem{KE57.1} R.B. Kelly, {\em Can. J. Chem.} {\bf 1957}, {\em 35}, 149: A relationship between the conformations of cyclohexane derivatives and their physical properties.
\bibitem{KE66.1} A. Kekul\'{e}, {\em Justus Liebigs Ann. Chem.} {\bf 1866}, {\em 137}, 129: Untersuchungen \"{u}ber aromatische Verbindungen.
\bibitem{KE72.1} A. Kekul\'{e}, {\em Justus Liebigs Ann. Chem.} {\bf 1872}, {\em 162}, 77: \"{U}ber einige Condensationsprodukte des Aldehyds.
\bibitem{RO85.3} A. Rocke, {\em Ann. Sci.} {\bf 1985}, {\em 42}, 355: Hypothesis and experiment in the early development of Kekul\'{e}'s benzene theory.
\bibitem{HO04.13} N. Hopwood, S. de Chadarevian, {\em Models: The third dimension of science.}; Stanford University Press, Stanford, {\bf 2004}.
\bibitem{CR49.1} Bunn Crowfoot D., Rogers-Low C.W.,  B.W., A. Turner-Jones, X-ray crystallographic investigation of the structure of penicillin. In: {\em Chemistry of penicillin.}; H.T. Clarke, J.R. Johnson, R. Robinson, Eds.; Princeton University Press, Princeton, New Jersey, {\bf 1949}; pp 310-367. 
\bibitem{PA51.2} L. Pauling, R.B. Corey, H.R. Branson, {\em Proc. Natl. Acad. Sci. USA} {\bf 1951}, {\em 37}, 205: The structure of proteins: Two hydrogen-bonded helical configurations of the polypeptide chain.
\bibitem{CR54.1} F.H. Crick, J.D. Watson, {\em Proc. R. Soc. London Ser. A} {\bf 1954}, {\em 223}, 80: The complementatry structure of desoxyribonucleic acid.
\bibitem{LO61.1} J. Loschmidt, {\em Konstitutionsformeln der organischen Chemie in graphischer Darstellung}; Engelmann, Leipzig, {\bf 1861}.
\bibitem{KE58.1} J. C. Kendrew, G. Bodo, H. M. Dintzis, R.G. Parrish, H. Wyckoff, D.C. Phillips, {\em Nature} {\bf 1958}, {\em 181}, 662: A three-dimensional model of the myoglobin molecule obtained by X-ray analysis.
\bibitem{PE60.1} M.F. Perutz, M.G. Rossmann, A.F. Cullis, H. Muirhead, G. Will, A.C.T. North, {\em Nature} {\bf 1960}, {\em 185}, 416: Structure of haemoglobin: A three-dimensional Fourier synthesis at 5.5-\AA{} resolution, obtained by x-ray analysis.
\bibitem{ME53.1} N. Metropolis, A.W. Rosenbluth, M.N. Rosenbluth, A.H. Teller, E. Teller, {\em J. Chem. Phys.} {\bf 1953}, {\em 21}, 1087: Equation of state calculations by fast computing machines.
\bibitem{AL57.1} B.J. Alder, T.E. Wainwright, {\em J. Chem. Phys.} {\bf 1957}, {\em 27}, 1208: Phase transition for a hard sphere system.
\bibitem{RA64.1} A. Rahman, {\em Phys. Rev.} {\bf 1964}, {\em 136}, A405: Correlations in the motion of atoms in liquid argon.
\bibitem{FE63.1} R.P. Feynman, R.B. Leighton, M. Sands, {\em The Feynman lectures on physics. Volume 1.}; Addison-Wesley, Boston, USA, {\bf 1963}.
\bibitem{ST74.1} F.H. Stillinger, A. Rahman, {\em J. Chem. Phys.} {\bf 1974}, {\em 60}, 1545: Improved simulation of liquid water by molecular dynamics.
\bibitem{MC77.1} J.A. McCammon, B.R. Gelin, M. Karplus, {\em Nature} {\bf 1977}, {\em 267}, 585: Dynamics of folded proteins.
\bibitem{FR85.2} H.L. Friedman, {\em A course in statistical mechanics}; Prentice Hall, Inc., Englewood Cliffs, New Jersey, USA, {\bf 1985}.
\bibitem{KU90.4} R. Kubo, {\em Statistical Mechanics. An Advanced Course with Problems and Solutions. Edition 8.}; Elsevier Science Publisher B.V., Amsterdam, The Netherlands, {\bf 1990}.
\bibitem{MC00.1} D.A. McQuarrie, {\em Statistical mechanics.}; University Science Books, Sausalito, CA, USA, {\bf 2000}.
\bibitem{NA06.1} L.K. Nash, {\em Elements of statistical Thermodynamics Edition 2.}; Dover Publications Inc., Mineola, New York, USA, {\bf 2006}.
\bibitem{HU10.10} K. Huang, {\em Introduction to statistical physics. Edition 2nd ed..}; Chapman \& Hall/CRC Taylor \& Francis Group, Boca Raton, USA, {\bf 2010}.
\bibitem{GA16.8} G. Gallavotti, {\em Eur. Phys. J. H} {\bf 2016}, {\em 41}, 181: Ergodicity: a historical perspective. Equilibrium and nonequilibrium.
\bibitem{DA98.3} X. Daura, A.E. Mark, W.F. van Gunsteren, {\em J. Comput. Chem.} {\bf 1998}, {\em 19}, 535: Parametrization of aliphatic CH$_n$ united atoms of GROMOS96 force field.
\bibitem{MA07.4} S.J. Marrink, H.J. Risselada, S. Yefimov, D.P. Tieleman, A.H. de Vries, {\em J. Phys. Chem. B} {\bf 2007}, {\em 111}, 7812: The MARTINI force field: Coarse grained model for biomolecular simulation.
\bibitem{VO08.1} G.A. Voth, {\em Coarse-graining of condensed phase and biomolecular systems.}; Taylor \& Francis, Inc., New York, USA, {\bf 2008}.
\bibitem{OO04.1} C. Oostenbrink, A. Villa, A.E. Mark, W.F. van Gunsteren, {\em J. Comput. Chem.} {\bf 2004}, {\em 25}, 1656: A biomolecular force field based on the free enthalpy of hydration and solvation: The GROMOS force-field parameter sets 53A5 and 53A6.
\bibitem{BE86.3} H.J.C. Berendsen, W.F. van Gunsteren, H.R.J Zwinderman, R.G. Geurtsen, {\em Ann. New York Acad. Sci.} {\bf 1986}, {\em 482}, 269: Simulations of proteins in water.
\bibitem{DA93.1} T. Darden, D. York, L. Pedersen, {\em J. Chem. Phys.} {\bf 1993}, {\em 98}, 10089: Particle mesh Ewald: An Nlog(N) method for Ewald sums in large systems.
\bibitem{HO70.1} R.W. Hockney, {\em Methods Comput. Phys.} {\bf 1970}, {\em 9}, 135: The potential calculation and some applications.
\bibitem{BE84.1} H.J.C. Berendsen, J.P.M. Postma, W.F. van Gunsteren, A. di Nola, J.R. Haak, {\em J. Chem. Phys.} {\bf 1984}, {\em 81}, 3684: Molecular dynamics with coupling to an external bath.
\bibitem{NO84.1} S. Nos\'{e}, {\em Mol. Phys.} {\bf 1984}, {\em 52}, 255: A molecular dynamics method for simulations in the canonical ensemble.
\bibitem{NO84.2} S. Nos\'{e}, {\em J. Chem. Phys.} {\bf 1984}, {\em 81}, 511: A unified formulation of the constant temperature molecular dynamics methods.
\bibitem{HO85.1} W.G. Hoover, {\em Phys. Rev. A} {\bf 1985}, {\em 31}, 1695: Canonical dynamics: Equilibrium phase-space distributions.
\bibitem{MA92.1} G.J. Martyna, M.L. Klein, M. Tuckerman, {\em J. Chem. Phys.} {\bf 1992}, {\em 97}, 2635: Nos\'e-Hoover chains: The canonical ensemble via continuous dynamics.
\bibitem{AN80.1} H.C. Andersen, {\em J. Chem. Phys.} {\bf 1980}, {\em 72}, 2384: Molecular dynamics simulations at constant pressure and/or temperature.
\bibitem{HA70.4} W.K. Hastings, {\em Biometrika} {\bf 1970}, {\em 57}, 97: Monte Carlo sampling methods using Markov chains and their applications.
\bibitem{KI93.1} P.M. King, Free energy via molecular simulation : A primer. In: {\em Computer simulation of biomolecular systems, theoretical and experimental applications. Volume 2.}; W.F. van Gunsteren, P.K. Weiner, A.J. Wilkinson, Eds.; ESCOM Science Publishers, B.V., Leiden, The Netherlands, {\bf 1993}; pp 267-314. 
\bibitem{TU10.1} M.E. Tuckerman, {\em Statistical Mechanics: Theory and Molecular Simulation.}; Oxford University Press, New York, USA, {\bf 2010}.
\bibitem{ZW54.1} R.W. Zwanzig, {\em J. Chem. Phys.} {\bf 1954}, {\em 22}, 1420: High-temperature equation of state by a perturbation method. I. Nonpolar gases.
\bibitem{KI33.1} J.G. Kirkwood, {\em Phys. Rev.} {\bf 1933}, {\em 44}, 31: Quantum statistics of almost classical assemblies.
\bibitem{KI34.2} J.G. Kirkwood, {\em Phys. Rev.} {\bf 1934}, {\em 45}, 116: Quantum statistics of almost classical assemblies.
\bibitem{KI35.1} J.G. Kirkwood, {\em J. Chem. Phys.} {\bf 1935}, {\em 3}, 300: Statistical mechanics of fluid mixtures.
\bibitem{MO82.4} J.R. Moran, S. Karbach, D.J. Cram, {\em J. Am. Chem. Soc.} {\bf 1982}, {\em 104}, 5826: Cavitands: synthetic molecular vessel.
\bibitem{MO91.3} J.R. Moran, J.L. Ericson, E. Dalcanale, J.A. Bryant, C.B. Knobler, D.J. Cram, {\em J. Am. Chem. Soc.} {\bf 1991}, {\em 113}, 5707: Vases and kites as cavitands.
\bibitem{CR92.2} D.J. Cram, H.-J. Choi, J.A. Bryant, C.B. Knobler, {\em J. Am. Chem. Soc.} {\bf 1992}, {\em 114}, 7748: Solvophobic and entropic driving forces for forming velcraplexes, which are four-fold, lock-key dimers in organic media.
\bibitem{HO02.7} F. Hof, S.L. Craig, C. Nuckolls, J. Rebek Jr., {\em Angew. Chem. Int. Ed.} {\bf 2002}, {\em 41}, 1488: Molecular encapsulation.
\bibitem{KO00.8} S.K. K\"{o}rner, F.C. Tucci, D.M. Rudkevich, T. Heinz, J. Rebek, {\em Chem. Eur. J.} {\bf 2000}, {\em 6}, 187: A self-assembled cylindrical capsule: new supramolecular phenomena through encapsulation..
\bibitem{HO06.8} R.J. Hooley, H.J. Van Anda, J. Rebek Jr., {\em J. Am. Chem. Soc.} {\bf 2006}, {\em 128}, 3894: Cavitands with revolving doors regulate binding selectivities and rates in water.
\bibitem{HO07.6} R.J. Hooley, J. Rebek, {\em Org. Lett.} {\bf 2007}, {\em 9}, 1179: Self-complex deep cavitands: Alkyl chains coil into a nearby cavity.
\bibitem{HO08.9} R.J. Hooley, S.R. Shenoy, J. Rebek, {\em Org. Lett.} {\bf 2008}, {\em 10}, 5397: Electronic and steric effects in binding of deep cavitands.
\bibitem{FA14.1} D. Fankhauser, D. Kolarski, W.R. Gr\"{u}ning, F. Diederich, {\em Eur. J. Org.} {\bf 2014}, {\em Chem.}, 3575: Resorcin[4]arene-based molecular baskets and water-soluble container molecules: Synthesis and 1H NMR Host-guest complexation studies.
\bibitem{AZ06.2} V.A. Azov, A. Schlegel, F. Diederich, {\em Bull. Chem. Soc. Jpn.} {\bf 2006}, {\em 79}, 1926: Functionalized calix[4]resorcinarene cavitands. Versatile platforms for the modular construction of extended molecular switches.
\bibitem{DA89.4} E. Dalcanale, P. Soncini, G. Bacchilega, F. Ugozzoli, {\em J. Chem. Soc. Chem. Commun.} {\bf 1989}, {\em 8}, 500: Selective complexation of neutral molecules in organic solvents. Host-Guest complexes and cavitates between cavitands and aromatic compounds.
\bibitem{SO92.3} P. Soncini, S. Bonsignore, E. Dalcanale, F. Ugozzoli, {\em J. Org. Chem.} {\bf 1992}, {\em 57}, 4608: Cavitands as versatile molecular receptors.
\bibitem{CH02.7} J. Chen, J. Rebek, {\em Org. Lett.} {\bf 2002}, {\em 4}, 327: Selectivity in an encapsulated cycloaddition reaction.
\bibitem{ZE06.1} F.H. Zelder, R. Salvio, J. Rebek, {\em Chem. Commun. (Cambridge U.} {\bf 2006}, {\em K.)}, 1280: A synthetic receptor for phosphocholine esters.
\bibitem{BE11.19} O.B. Berryman, A.C. Sather, A. Lled\'o, J. Rebek, {\em Angew. Chem. Int. Ed.} {\bf 2011}, {\em 50}, 9400: Switchable catalysis with a light-responsive cavitand.
\bibitem{PO12.9} I. Pochorovski, M.O. Ebert, J.P. Gisselbrecht, C. Boudon, W.B. Schweizer, F. Diederich, {\em J. Am. Chem. Soc.} {\bf 2012}, {\em 134}, 14702: Redox-switchable resorcin[4]arene cavitands: Molecular grippers.
\bibitem{BA98.12} V. Balzani, M. G\'omez-L\'opez, J.F. Stoddart, {\em Acc. Chem. Res.} {\bf 1998}, {\em 31}, 405: Molecular machines.
\bibitem{BA00.15} V. Balzani, A. Credi, F. Raymo, J. Stoddart, {\em Angew. Chem. Int. Ed.} {\bf 2000}, {\em 39}, 3348: Artificial molecular machines.
\bibitem{KA15.8} E.R. Kay, D.A. Leigh, {\em Angew. Chem. Int. Ed.} {\bf 2015}, {\em 54}, 10080: Rise of the molecular machines.
\bibitem{UN63.1} K.G. Untch, R.J. Kurland, {\em J. Am. Chem. Soc.} {\bf 1963}, {\em 85}, 346: The conformational equilibration of cis, cis, cis-1,4,7-cyclononatriene; a determination of activation energy and entropy by N.M.R. II.
\bibitem{UN63.2} K.G. Untch, {\em J. Am. Chem. Soc.} {\bf 1963}, {\em 85}, 345: $sym$-cis,cis,cis-1,4,7-Cyclononatriene, an unusual cyclic six $\pi$ electron system.
\bibitem{RA63.4} P. Radlick, S. Winstein, {\em J. Am. Chem. Soc.} {\bf 1963}, {\em 85}, 344: cis-cis-cis-d 1,4,7-Cyclononatriene, a homoconjugated six $\pi$-electron system.
\bibitem{DE77.4} M.R. Detty, L.A. Paquette, {\em Tetrahedron Lett.} {\bf 1977}, {\em 18}, 347: The question of hexahomobenzene automerization. New synthetic approaches to cis$^{\text{3}}$-1,4,7-cyclononatriene.
\bibitem{AN80.3} F.A.L. Anet, M. Ghiaci, {\em J. Am. Chem. Soc.} {\bf 1980}, {\em 102}, 2528: Ring inversion in 1,4,7-cyclononatriene (trishomobenzene). Force-field calculations for abnormally large bond angles.
\bibitem{ZA08.3} M.A. Zamora, F.D. Suvire, R.D. Enriz, {\em J. Comput. Chem.} {\bf 2008}, {\em 29}, 280: Ring inversion in 1,4,7 cyclononatriene and analogues: Ab initio and DFT calculations and topological analysis.
\bibitem{RO15.10} G.M. Robinson, {\em J. Chem. Soc. Trans.} {\bf 1915}, {\em 107}, 267: XXX. - A reaction of homopiperonyl and of homoveratryl alcohols.
\bibitem{LI65.3} A.S. Lindsey, {\em J. Chem.} {\bf 1965}, {\em Soc.}, 1685: 316. The structure of cyclotriveratrylene (10{,}15-dihydro-2{,}3{,}7{,}8{,}12{,}13-hexamethoxy-5H-tribenzo[a{,}d{,}g]cyclononene) and related compounds.
\bibitem{MI65.1} B. Miller, B.D. Gesner, {\em Tetrahedron Lett.} {\bf 1965}, {\em 6}, 3351: Conformation of cyclotriveratrylene by nuclear magnetic resonance measurements.
\bibitem{ZI04.2} H. Zimmermann, P. Tolstoy, H. Limbach, R. Poupko, Z. Luz, {\em J. Phys. Chem. B} {\bf 2004}, {\em 108}, 18772: The saddle form of cyclotriveratrylene.
\bibitem{HA10.13} M.J. Hardie, {\em Chem. Soc. Rev.} {\bf 2010}, {\em 39}, 516: Recent advances in the chemistry of cyclotriveratrylene.
\bibitem{MO09.15} G.P. Moss, {\em Pure Appl. Chem.} {\bf 2009}, {\em 68}, 2193: Basic terminology of stereochemistry (IUPAC Recommendations 1996).
\bibitem{CR75.1} D. Cremer, J.A. Pople, {\em J. Am. Chem. Soc.} {\bf 1975}, {\em 97}, 1354: A general definition of ring puckering coordinates.
\bibitem{AZ04.1} V.A. Azov, B. Jaun, F. Diederich, {\em Helv. Chim. Acta} {\bf 2004}, {\em 87}, 449: NMR investigations into the vase-kite conformational switching of resorcin[4]arene cavitands.
\bibitem{AZ11.1} V.A. Azov, F. Diederich, Switching Processes in Cavitands, Containers and Capsules. In: {\em Molecular Switches, Second Edition.}; B.L. Feringa, W.R. Browne, Eds.; Wiley-VCH Verlag GmbH, Co. KGaA, Weinheim, Germany., {\bf 2011}; pp 257-300. 
\bibitem{PO14.8} I. Pochorovski, F. Diederich, {\em Acc. Chem. Res.} {\bf 2014}, {\em 47}, 2096: Development of redox-switchable resorcin[4]arene cavitands.
\bibitem{GR18.6} C. Gropp, B.L. Quigley, F. Diederich, {\em J. Am. Chem. Soc.} {\bf 2018}, {\em 140}, 2705: Molecular recognition with resorcin[4]arene cavitands: Switching, halogen-bonded capsules, and enantioselective complexation.
\bibitem{HA99.12} T. Haino, D.M. Rudkevich, J. Rebek, {\em J. Am. Chem. Soc.} {\bf 1999}, {\em 121}, 11253: Kinetically stable caviplexes in water.
\bibitem{JA11.4} S. Javor, J. Rebek, {\em J. Am. Chem. Soc.} {\bf 2011}, {\em 133}, 17473: Activation of a water-soluble resorcinarene cavitand at the water-phosphocholine micelle interface.
\bibitem{GA14.4} A. Gal\'{a}n, E.C. Escudero-Ad\'{a}n, A. Frontera, P. Ballester, {\em J. Org. Chem.} {\bf 2014}, {\em 79}, 5545: Synthesis, structure, and binding properties of lipophilic cavitands based on a calix[4]pyrrole-resorcinarene hybrid scaffold.
\bibitem{CR85.1} D.J. Cram, S. Karbach, H.Y. Kim, L. Baczynskyj, G.W. Kallemeyn, {\em J. Am. Chem. Soc.} {\bf 1985}, {\em 107}, 2575: Shell closure of two cavitands forms carcerand complexes with components of the medium as permanent guest.
\bibitem{CR88.1} D.J. Cram, S. Karbach, H.E. Kim, C.B. Knobler, E.F. Maverick, J.L. Ericson, R.C. Helgeson, {\em J. Am. Chem. Soc.} {\bf 1988}, {\em 110}, 2229: Host-guest complexation. 46. Cavitands as open molecular vessels form solvates.
\bibitem{AM04.3} T. Amaya, J. Rebek, {\em J. Am. Chem. Soc.} {\bf 2004}, {\em 126}, 14149: Hydrogen-bonded encapsulation complexes in protic solvents.
\bibitem{GO08.3} T. Gottschalk, P.D. Jarowski, F. Diederich, {\em Tetrahedron} {\bf 2008}, {\em 64}, 8307: Reversibly controllable guest binding in precisely defined cavities: selectivity, induced fit, and switching in novel resorcin[4]arene-based container molecules.
\bibitem{HO11.12} J. Hornung, D. Fankhauser, L.D. Shirtcliff, A. Praetorius, W.B. Schweizer, F. Diederich, {\em Chem. Eur. J.} {\bf 2011}, {\em 17}, 12362: Cycloalkane and alicyclic heterocycle complexation by new switchable resorcin[4]arene-based container molecules: NMR and ITC binding studies.
\bibitem{AJ13.2} D. Ajami, J. Rebek, {\em Acc. Chem. Res.} {\bf 2013}, {\em 46}, 990: More chemistry in small spaces.
\bibitem{RU97.3} D.M. Rudkevich, G. Hilmersson, J. Rebek, {\em J. Am. Chem. Soc.} {\bf 1997}, {\em 119}, 9911: Intramolecular hydrogen bonding controls the exchange rates of guests in a cavitand.
\bibitem{AM02.4} P. Amrhein, P.L. Wash, A. Shivanyuk, J. Rebek, {\em Org. Lett.} {\bf 2002}, {\em 4}, 319: Metal ligation regulates conformational equilibria and binding properties of cavitands.
\bibitem{AZ06.1} V.A. Azov, A. Beeby, M. Cacciarini, A.G. Cheetham, F. Diederich, M. Frei, J.K. Gimzewski, V. Gramlich, B. Hecht, B. Jaun, T. Latychevskaia, A. Lieb, Y. Lill, F. Marotti, A. Schlegel, R.R. Schlittler, P.J. Skinner, P. Seiler, Y. Yamakoshi, {\em Adv. Funct. Mater.} {\bf 2006}, {\em 16}, 147: Resorcin[4]arene cavitand-based molecular switches.
\bibitem{AZ05.1} V.A. Azov, A. Schlegel, F. Diederich, {\em Angew. Chem. Int. Ed.} {\bf 2005}, {\em 44}, 4635: Geometrically precisely defined multinanometer expansion/contraction motions in a resorcin[4]arene cavitand based molecular switch.
\bibitem{AZ08.2} V.A. Azov, R. G\'{o}mez, J. Stelten, {\em Tetrahedron} {\bf 2008}, {\em 64}, 1909: Synthesis of electrochemically responsive TTF-based molecular tweezers: Evidence of tight intramolecular TTF pairing in solution.
\bibitem{PO10.8} I. Pochorovski, B. Breiten, W.B. Schweizer, F. Diederich, {\em Chem. Eur. J.} {\bf 2010}, {\em 16}, 12590: FRET studies on a series of BODIPY-dye-labeled switchable resorcin[4]arene cavitands.
\bibitem{BE11.15} O.B. Berryman, A.C. Sather, J. Rebek, {\em Chem. Commun. (Cambridge U.K.)} {\bf 2011}, {\em 47}, 656: A light controlled cavitand wall regulates guest binding.
\bibitem{BE11.16} O.B. Berryman, A.C. Sather, J. Rebek, {\em Org. Lett.} {\bf 2011}, {\em 13}, 5232: A deep cavitand with a fluorescent wall functions as an ion sensor.
\bibitem{PO14.9} I. Pochorovski, J. Mili\'{c}, D. Kolarski, C. Gropp, W.B. Schweizer, F. Diederich, {\em J. Am. Chem. Soc.} {\bf 2014}, {\em 136}, 3852: Evaluation of hydrogen-bond acceptors for redox-switchable resorcin[4]arene cavitands.
\bibitem{MI16.4} J. Mili\'c, M. Zalibera, I. Pochorovski, N. Trapp, J. Nomrowski, D. Neshchadin, L. Ruhlmann, C. Boudon, O.S. Wenger, A. Savitsky, W. Lubitz, G. Gescheidt, F. Diederich, {\em J. Phys. Chem. Lett.} {\bf 2016}, {\em 7}, 2470: Paramagnetic molecular grippers: The elements of six-state redox switches.
\bibitem{MI17.10} J. Mili\'c, M. Zalibera, D. Talaat, J. Nomrowski, N. Trapp, L. Ruhlmann, C. Boudon, O.S. Wenger, A. Savitsky, W. Lubitz, F. Diederich, {\em Chem. Eur. J.} {\bf 2017}, {\em 24}, 1431: Photoredox-switchable resorcin[4]arene cavitands: radical control of molecular gripping machinery via hydrogen bonding.
\bibitem{GA18.6} V. Garc\'ia-L\'opez, J. Mili\'c, M. Zalibera, D. Neshchadin, M. Kuss-Petermann, L. Ruhlmann, J. Nomrowski, N. Trapp, C. Boudon, G. Gescheidt, O.S. Wenger, F. Diederich, {\em Tetrahedron} {\bf 2018}, {\em 74}, 5615: Light-actuated resorcin[4]arene cavitands.
\bibitem{MI19.1} J.V. Mili\'c, T. Schneeberger, M. Zalibera, K.Z. Milowska, Q.K. Ong, N. Trapp, L. Ruhlmann, C. Boudon, C. Thilgen, F. Diederich, {\em Helv. Chim. Acta} {\bf 2019}, {\em 102}, e1800225/1: Thioether-functionalized quinone-based resorcin[4]arene cavitands: Electroswitchable molecular actuators.
\bibitem{RO06.7} P. Roncucci, L. Pirondini, G. Paderni, C. Massera, E. Dalcanale, V.A. Azov, F. Diederich, {\em Chem. Eur. J.} {\bf 2006}, {\em 12}, 4775: Conformational behavior of pyrazine-bridged and mixed-bridged cavitands: A general model for solvent effects on thermal "vase-kite" switching.
\bibitem{SK01.2} P.J. Skinner, A.G. Cheetham, A. Beeby, V. Gramlich, F. Diederich, {\em Helv. Chim. Acta} {\bf 2001}, {\em 84}, 2146: Conformational switching of resorcin[4]arene cavitands by protonation.
\bibitem{FR04.8} M. Frei, F. Marotti, F. Diederich, {\em Chem. Commun.} {\bf 2004}, {\em 2004}, 1362: ZnII-induced conformational control of amphiphilic cavitands in Langmuir monolayers.
\bibitem{PO12.8} I. Pochorovski, C. Boudon, J.P. Gisselbrecht, M.O. Ebert, W.B. Schweizer, F. Diederich, {\em Angew. Chem. Int. Ed.} {\bf 2012}, {\em 51}, 262: Quinone-based, redox-active resorcin[4]arene cavitands.
\bibitem{AZ03.1} V.A. Azov, P.J. Skinner, Y. Yamakoshi, P. Seiler, V. Gramlich, F. Diederich, {\em Helv. Chim. Acta} {\bf 2003}, {\em 86}, 3648: Functionalized and partially or differentially bridged resorcin[4]arene cavitands: synthesis and solid-state structures.
\bibitem{MO07.11} I. Mohammed-Ziegler, F. Billes, {\em J. Inclusion Phenom. Macrocyclic Chem.} {\bf 2007}, {\em 58}, 19: Optical spectroscopy and theoretical studies in calixarene chemistry.
\bibitem{BO13.4} B.H. Boo, H.S. Kim, S.G. Koh, M. Lee, K. No, {\em J. Mol. Struct.} {\bf 2013}, {\em 1031}, 119: Time-resolved fluorescence and fluorescence anisotropy of calix[4]arene: Elucidation of the excitation energies of various conformers.
\bibitem{LI14.7} F. Liu, R.C. Helgeson, K.N. Houk, {\em Acc. Chem. Res.} {\bf 2014}, {\em 47}, 2168: Building on Cram's legacy: Stimulated gating in hemicarcerands.
\bibitem{GR17.12} C. Gropp, T. Husch, N. Trapp, M. Reiher, F. Diederich, {\em J. Am. Chem. Soc.} {\bf 2017}, {\em 139}, 12190: Dispersion and halogen-bonding interactions: Binding of the axial conformers of monohalo- and ($\pm$)-\textit{trans}-1,2-dihalocyclohexanes in enantiopure alleno-acetylenic cage.
\bibitem{OT18.1} J.P. Otto, L. Wang, I. Pochorovski, S.M. Blau, A. Aspuru-Guzik, Z. Bao, G.S. Engel, M. Chiu, {\em Chem. Sci.} {\bf 2018}, {\em 9}, 3694: Disentanglement of excited-state dynamics with implications for FRET measurements: two-dimensional electronic spectroscopy of a BODIPY-functionalized cavitand.
\bibitem{YT10.1} F.M. Ytreberg, {\em J. Phys. Chem. B} {\bf 2010}, {\em 114}, 5431: Computational study of small molecule binding for both tethered and free condition.
\bibitem{BO14.5} C. Bonaccorso, G. Brancatelli, G. Forte, G. Arena, S. Geremia, D. Sciotto, C. Sgarlata, {\em RSC Adv.} {\bf 2014}, {\em 4}, 53575: Factors driving the self-assembly of water-soluble calix[4]arene and gemini guests: a combined solution, computational and solid-state study.
\bibitem{PO14.6} I. Pochorovski, T. Knehans, D. Nettels, A.M. M\"uller, W.B. Schweizer, A. Caflisch, B. Schuler, F. Diederich, {\em J. Am. Chem. Soc.} {\bf 2014}, {\em 136}, 2441: Experimental and computational study of BODIPY dye-labeled cavitand dynamics.
\bibitem{HU97.3} P.H. H\"unenberger, J.K. Granwehr, J.-N. Aebischer, N. Ghoneim, E. Haselbach, W.F. van Gunsteren, {\em J. Am. Chem. Soc.} {\bf 1997}, {\em 119}, 7533: Experimental and theoretical approaches to hydrogen-bonded diastereomeric interactions in a model complex.
\bibitem{TO77.1} G.M. Torrie, J.P. Valleau, {\em J. Comput. Phys.} {\bf 1977}, {\em 23}, 187: Nonphysical sampling distributions in Monte Carlo free-energy estimation: Umbrella sampling.
\bibitem{VA77.2} J.P. Valleau, G.M. Torrie, A guide to Monte Carlo for statistical mechanics: 1. Highways. In: {\em Modern theoretical chemistry. Volume 5.}; B.J. Berne, Ed.; Plenum Press, New York, USA, {\bf 1977}; pp 137-168. 
\bibitem{BE94.7} T.C. Beutler, W.F. van Gunsteren, {\em J. Chem. Phys.} {\bf 1994}, {\em 100}, 1492: The computation of a potential of mean force: Choice of the biasing potential in the umbrella sampling technique.
\bibitem{KU95.1} S. Kumar, J.M. Rosenberg, D. Bouzida, R.H. Swendsen, P.A. Kollman, {\em J. Comput. Chem.} {\bf 1995}, {\em 16}, 1339: Multidimensional free-energy calculations using the weighted histogram analysis method.
\bibitem{HE01.1} T.N. Heinz, W.F. van Gunsteren, P.H. H\"unenberger, {\em J. Chem. Phys.} {\bf 2001}, {\em 115}, 1125: Comparison of four methods to compute the dielectric permittivity of liquids from molecular dynamics simulations.
\bibitem{PI08.1} E. Piccinini, M. Ceccarelli, F. Affinito, R. Brunetti, C. Jacoboni, {\em J. Chem. Theory Comput.} {\bf 2008}, {\em 4}, 173: Biased molecular simulations for free-energy mapping: A comparison on the KcsA channel as a test case.
\bibitem{PA85.1} G.H. Paine, H.A. Scheraga, {\em Biopolymers} {\bf 1985}, {\em 24}, 1391: Prediction of the native conformation of a polypeptide by a statistical-mechanical procedure. I. Backbone structure of enkephalin.
\bibitem{ME87.1} M. Mezei, {\em J. Comput. Phys.} {\bf 1987}, {\em 68}, 237: Adaptive umbrella sampling. Self-consistent determination of the non-Boltzmann bias.
\bibitem{HO92.3} R.W.W. Hooft, B.P. van Eijck, J. Kroon, {\em J. Chem. Phys.} {\bf 1992}, {\em 97}, 6690: An adaptive umbrella sampling procedure in conformational analysis using molecular dynamics and its application to glycol.
\bibitem{FR95.3} R.A. Friedman, M. Mezei, {\em J. Chem. Phys.} {\bf 1995}, {\em 102}, 419: The potentials of mean force of sodium chloride and sodium dimethylphosphate in water: An application of adaptive umbrella sampling.
\bibitem{BA97.3} C. Bartels, M. Karplus, {\em J. Comput. Chem.} {\bf 1997}, {\em 18}, 1450: Multidimensional adaptive umbrella sampling: Applications to main chain and side chain peptide conformations.
\bibitem{WA06.4} J. Wang, Y. Gu, H. Liu, {\em J. Chem. Phys.} {\bf 2006}, {\em 125}, 094907/1: Determination of conformational free energies of peptides by multidimensional adaptive umbrella sampling.
\bibitem{BA06.5} V. Babin, C. Roland, T.A. Darden, C. Sagui, {\em J. Chem. Phys.} {\bf 2006}, {\em 125}, 204909/1: The free energy landscape of small peptides as obtained from metadynamics with umbrella sampling corrections.
\bibitem{MA06.4} S. Marsili, A. Barducci, R. Chelli, P. Procacci, V. Schettino, {\em J. Phys. Chem. B} {\bf 2006}, {\em 110}, 14011: Self-healing umbrella sampling: A non-equilibrium approach for quantitative free energy calculations.
\bibitem{LE07.3} T. Leli\`evre, M. Rousset, G. Stoltz, {\em J. Chem. Phys.} {\bf 2007}, {\em 126}, 134111/1: Computation of free energy profiles with parallel adaptive dynamics.
\bibitem{VA07.1} A. van der Vaart, M. Karplus, {\em J. Chem. Phys.} {\bf 2007}, {\em 126}, 164106/1: Minimum free energy pathways and free energy profiles for conformational transitions based on atomistic molecular dynamics simulations.
\bibitem{BA08.1} V. Babin, C. Roland, C. Sagui, {\em J. Chem. Phys.} {\bf 2008}, {\em 128}, 134101/1: Adaptively biased molecular dynamics for free energy calculations.
\bibitem{BA09.4} C.B. Barnett, K.J. Naidoo, {\em Mol. Phys.} {\bf 2009}, {\em 107}, 1243: Free energies from adaptive reaction coordinate forces (FEARCF): An application to ring puckering.
\bibitem{LA02.1} A. Laio, M. Parrinello, {\em Proc. Natl. Acad. Sci. USA} {\bf 2002}, {\em 99}, 12562: Escaping free-energy minima.
\bibitem{LA05.2} A. Laio, A. Rodriguez-Fortea, F.L. Gervasio, M. Ceccarelli, M. Parrinello, {\em J. Phys. Chem. B} {\bf 2005}, {\em 109}, 6714: Assessing the accuracy of metadynamics.
\bibitem{DA08.2} E. Darve, D. Rodriguez-Gomez, A. Pohorille, {\em J. Chem. Phys.} {\bf 2008}, {\em 128}, 144120/1: Adaptive biasing force method for scalar and vector free energy calculation.
\bibitem{HA10.1} H.S. Hansen, P.H. H\"unenberger, {\em J. Comput. Chem.} {\bf 2010}, {\em 31}, 1: Using the local elevation method to construct optimized umbrella sampling potentials: Calculation of the relative free energies and interconversion barriers of glucopyranose ring conformers in water.
\bibitem{HA10.3} H.S. Hansen, X. Daura, P.H. H\"unenberger, {\em J. Chem. Theory Comput.} {\bf 2010}, {\em 6}, 2598: Enhanced conformational sampling in molecular dynamics simulations of solvated peptides: fragment-based local elevation umbrella sampling.
\bibitem{HA10.4} H.S. Hansen, P.H. H\"unenberger, {\em J. Chem. Theory Comput.} {\bf 2010}, {\em 6}, 2622: Ball-and-stick local elevation umbrella sampling: molecular simulations involving enhanced sampling within conformational or alchemical subspaces of low internal dimensionalities, minimal irrelevant volume and problem-adapted geometries.
\bibitem{BI15.3} N.S. Bieler, P.H. H\"{u}nenberger, {\em J. Chem. Phys.} {\bf 2015}, {\em 142}, 165102/1: On the ambiguity of conformational states: a B\&S-LEUS simulation study of the helical conformations of decaalanine in water.
\bibitem{CH07.6} C.D. Christ, W.F. van Gunsteren, {\em J. Chem. Phys.} {\bf 2007}, {\em 126}, 184110/1: Enveloping distribution sampling: A method to calculate free energy differences from a single simulation.
\bibitem{CH08.3} C.D. Christ, W.F. van Gunsteren, {\em J. Chem. Phys.} {\bf 2008}, {\em 128}, 174112/1: Multiple free energies from a single simulation: Extending enveloping distribution sampling to nonoverlapping phase-space distributions.
\bibitem{HU94.3} T. Huber, A.E. Torda, W.F. van Gunsteren, {\em J. Comput.-Aided Mol. Des.} {\bf 1994}, {\em 8}, 695: Local elevation: A method for improving the searching properties of molecular dynamics simulation.
\bibitem{PE10.1} L. Peri\'c-Hassler, H.S. Hansen, R. Baron, P.H. H\"unenberger, {\em Carbohydr. Res.} {\bf 2010}, {\em 345}, 1781: Conformational properties of glucose-based disaccharides using molecular dynamics simulations with local elevation umbrella sampling.
\bibitem{BI14.1} N.S. Bieler, R. H\"{a}uselmann, P.H. H\"{u}nenberger, {\em J. Chem. Theory Comput.} {\bf 2014}, {\em 10}, 3006: Local elevation umbrella sampling applied to the calculation of alchemical free-energy changes via $\lambda$-dynamics: The $\lambda$-LEUS scheme.
\bibitem{BI14.2} N.S. Bieler, P.H. H\"{u}nenberger, {\em J. Chem. Phys.} {\bf 2014}, {\em 141}, 201101/1: Communication: Estimating the initial biasing potential for $\lambda$-local-elevation umbrella-sampling ($\lambda$-LEUS) simulations via slow growth.
\bibitem{BI15.1} N.S. Bieler, P.H. H\"{u}nenberger, {\em J. Comput. Chem.} {\bf 2015}, {\em 36}, 1686: Orthogonal sampling in free-energy calculations of residue mutations in a tripeptide: TI vs.\ $\lambda$-LEUS.
\bibitem{BI15.2} N.S. Bieler, J.P. Tschopp, P.H. H\"{u}nenberger, {\em J. Chem. Theory Comput.} {\bf 2015}, {\em 11}, 2575: Multistate $\lambda$-local-elevation umbrella-sampling (MS-$\lambda$-LEUS): Method and application to the complexation of cations by crown ethers.
\bibitem{HA19.2} D.F. Hahn, P.H. H\"unenberger, {\em J. Chem. Theory Comput.} {\bf 2019}, {\em 15}, 2392: Alchemical free-energy calculations by multiple-replica $\lambda$-dynamics: The conveyor belt thermodynamic integration (CBTI) scheme.
\bibitem{IH04.1} H. Ihm, J.-S. Ahn, M.S. Lah, Y.H. Ko, K. Paek, {\em Org. Lett.} {\bf 2004}, {\em 6}, 3893: Oligobisvelcraplex: Self-assembled linear oligomer by solvophobic $\pi-\pi$ stacking interaction of bisvelcrands based on resorcin[4]arene.
\bibitem{GR16.9} C.R. Groom, I.J. Bruno, M.P. Lightfoot, S.C. Ward, {\em Acta Cryst.} {\bf 2016}, {\em B72}, 171: The Cambridge Structural Database.
\bibitem{KR86.1} E.F. Krause, {\em Taxicab Geometry.}; Dover Publications, N.Y., USA, {\bf 1986}.
\bibitem{HA07.12} C. Habermann, F. Kindermann, {\em Comput. Econ.} {\bf 2007}, {\em 30}, 153: Multidimensional spline interpolation: Theory and applications.
\bibitem{WU11.1} P. Wu, X. Hu, W. Yang, {\em J. Phys. Chem. Lett.} {\bf 2011}, {\em 2}, 2099: $\lambda$-metadynamics approach to compute absolute solvation free energy.
\bibitem{VA11.7} W.F. van Gunsteren, {\em The GROMOS software for biomolecular simulation. Available at: {\em http://www.gromos.net}} {\bf 05/05/2011}.
\bibitem{SC12.1} N. Schmid, C.D. Christ, M. Christen, A.P. Eichenberger, W.F. van Gunsteren, {\em Comput. Phys. Commun.} {\bf 2012}, {\em 183}, 890: Architecture, implementation and parallelisation of the GROMOS software for biomolecular simulation.
\bibitem{KU12.1} A.-P. E. Kunz, J.R. Allison, D.P. Geerke, B.A.C. Horta, P.H. H\"unenberger, S. Riniker, N. Schmid, W.F. van Gunsteren, {\em J. Comput. Chem.} {\bf 2012}, {\em 33}, 340: New functionalities in the GROMOS biomolecular simulation software.
\bibitem{HO16.1} B.A.C. Horta, P.T. Merz, P. Fuchs, J. Dolenc, S. Riniker, P.H. H\"unenberger, {\em J. Chem. Theory Comput} {\bf 2016}, {\em 12}, 3825: A GROMOS-compatible force field for small organic molecules in the condensed phase: The 2016H66 parameter set.
\bibitem{TI94.1} I.G. Tironi, W.F. van Gunsteren, {\em Mol. Phys.} {\bf 1994}, {\em 83}, 381: A molecular dynamics study of chloroform.
\bibitem{VA88.1} W.F. van Gunsteren, H.J.C. Berendsen, {\em Mol. Simul.} {\bf 1988}, {\em 1}, 173: A leap-frog algorithm for stochastic dynamics.
\bibitem{LA08.6} P. Langevin, {\em C. R. Avad. Sci. Paris} {\bf 1908}, {\em 146}, 530: Sur la th\'eorie du mouvement brownien.
\bibitem{YU88.1} S. Yun-yu, W. Lu, W.F. van Gunsteren, {\em Mol. Simul.} {\bf 1988}, {\em 1}, 369: On the approximation of solvent effects on the conformation and dynamics of cyclosporin A by stochastic dynamics simulation techniques.
\bibitem{BA73.1} J.A. Barker, R.O. Watts, {\em Mol. Phys.} {\bf 1973}, {\em 26}, 789: Monte Carlo studies of the dielectric properties of water-like models.
\bibitem{TI95.1} I.G. Tironi, R. Sperb, P.E. Smith, W.F. van Gunsteren, {\em J. Chem. Phys.} {\bf 1995}, {\em 102}, 5451: A generalized reaction field method for molecular dynamics simulations.
\bibitem{RI86.2} J.A. Riddick, W.B. Bunger, T.K. Sakano, {\em Techniques of chemistry II: Organic solvents, physical properties and methods of purification. Volume 2. Edition 4.}; John Wiley \& Sons, New York, USA, {\bf 1986}.
\bibitem{WO91.3} C. Wohlfahrt, Pure liquids: Data. In: {\em Landolt-B\"ornstein. Numerical data and functional relationships in science and technology. Volume 6.}; O. Madelung, Ed.; Springer, Berlin, Germany, {\bf 1991}; pp 5-228. 
\bibitem{RY77.1} J.-P. Ryckaert, G. Ciccotti, H.J.C. Berendsen, {\em J. Comput. Phys.} {\bf 1977}, {\em 23}, 327: Numerical integration of the Cartesian equations of motion of a system with constraints: Molecular dynamics of $n$-alkanes.
\bibitem{HA19.6} D.F. Hahn, {\em Animations of Resorcin[4]arene Simulations. Available at: {\em https://doi.org/10.3929/ethz-b-000376729}} {\bf 2019}.
\bibitem{SC12.9} C.A. Schalley, {\em Analytical Methods in Supramolecular Chemistry Edition 2nd, Completely Revised and Enlarged Edition.}; Wiley-VCH, Weinheim, Germany, {\bf 2012}.
\bibitem{BA10.5} C.M. Baker, P.E.M. Lopes, X. Zhu, B. Roux, A.D. McKerell, {\em J. Chem. Theory Comput.} {\bf 2010}, {\em 6}, 1181: Accurate calculation of hydration free energies using pair-specific Lennard-Jones parameters in the CHARMM Drude polarizable force field.
\bibitem{NE12.1} P.S. Nerenberg, B. Jo, C. So, A. Tripathy, T. Head-Gordon, {\em J. Phys. Chem. B} {\bf 2012}, {\em 116}, 4524: Optimizing solute-water van der Waals interactions to reproduce solvation free energies.
\bibitem{CH14.7} D.E. Chapman, J.K. Steck, P.S. Nernberg, {\em J. Chem. Theory Comput.} {\bf 2014}, {\em 10}, 273: Optimizing protein-protein van der Waals interactions for the AMBER ff9x/ff12 force field.
\bibitem{JA14.1} J.P.M. J\"ambeck, A.P. Lyubartsev, {\em J. Phys. Chem. B} {\bf 2014}, {\em 118}, 3793: Update of the general Amber force field for small solutes with an emphasis on free energies of hydration.
\bibitem{PI15.1} S. Piana, A.G. Donchev, P. Robustelli, D.E. Shaw, {\em J. Phys. Chem. B} {\bf 2015}, {\em 119}, 5113: Water dispersion interactions strongly influence simulated structural properties of disordered protein states.
\bibitem{YA18.7} M. Yang, A.H. Aytenfisu, A.D. MacKerell Jr., {\em Carbohydr. Res.} {\bf 2018}, {\em 457}, 41: Proper balance of solvent-solute and solute-solute interactions in the treatment of the diffusion of glucose using the Drude polarizable force field.
\bibitem{GO18.3} Z. Gong, H. Sun, B.E. Eichinger, {\em J. Chem. Theory. Comput.} {\bf 2018}, {\em 14}, 3595: On the temperature transferability of force field parameters for dispersion interactions.
\bibitem{PI11.2} S. Piana, K. Lindorff-Larsen, D.E. Shaw, {\em Biophys. J.} {\bf 2011}, {\em 100}, L47: How robust are protein folding simulations with respect to force field parameterization.
\bibitem{MA15.20} F. Mart\'{\i}n-Garc\'{\i}a, E. Papaleo, P. Gomez-Puertas, W. Boomsma, K. Lindorff-Larsen, {\em PLoS ONE} {\bf 2015}, {\em 10}, e0121114/1: Comparing molecular dynamics force fields in the essential subspace.
\bibitem{VI15.7} F. Vitalini, A.S.J.S. Mey, F. No\'e, B.G. Keller, {\em J. Chem. Phys.} {\bf 2015}, {\em 142}, 084101/1: Dynamic properties of force fields.
\bibitem{RI18.1} S. Riniker, {\em J. Chem. Inf. Model.} {\bf 2018}, {\em 58}, 565: Fixed-charge atomistic force fields for molecular dynamics simulations in the condensed phase: An overview.
\bibitem{WA76.1} A. Warshel, M. Levitt, {\em J. Mol. Biol.} {\bf 1976}, {\em 103}, 227: Theoretical studies of enzymic reactions - dielectric, electrostatic and steric stabilization of carbonium-ion in reaction of lysozyme.
\bibitem{FI90.1} M.J. Field, P.A. Bash, M. Karplus, {\em J. Comput. Chem.} {\bf 1990}, {\em 11}, 700: A combined quantum mechanical and molecular mechanical potential for molecular dynamics simulations.
\bibitem{SE07.2} H.M. Senn, W. Thiel, {\em Topics Curr. Chem.} {\bf 2007}, {\em 268}, 173: QM/MM methods for biological systems.
\bibitem{ME12.2} K. Meier, N. Schmid, W.F. van Gunsteren, {\em J. Comput. Chem.} {\bf 2012}, {\em 33}, 2108: Interfacing the GROMOS (bio)molecular simulation software to quantum-chemical program packages.
\bibitem{ME13.4} K. Meier, A. Choutko, J. Dolenc, A.P. Eichenberger, S. Riniker, W.F. van Gunsteren, {\em Angew. Chem. Int. Ed. Engl.} {\bf 2013}, {\em 52}, 2820: Multi-resolution simulation of biomolecular systems: A review of methodological issues.
\bibitem{CR04.1} C.J. Cramer, {\em Essentials of computational chemistry: Theories and models. Edition 2.}; John Wiley \& Sons, Chichester, UK, {\bf 2004}.
\bibitem{DE77.2} M.J.S. Dewar, W. Thiel, {\em J. Am. Chem. Soc.} {\bf 1977}, {\em 99}, 4899: Ground-states of molecules. 38. MNDO method - approximations and parameters.
\bibitem{DE85.1} M.J.S. Dewar, E.G. Zoebisch, E.F. Healy, J.J.P. Stewart, {\em J. Am. Chem. Soc.} {\bf 1985}, {\em 107}, 3902: The development and use of quantum-mechanical molecular-models. 76. AM1 - a new general-purpose quantum-mechanical molecular-model.
\bibitem{ST89.2} J.J.P. Stewart, {\em J. Comput. Chem.} {\bf 1989}, {\em 10}, 209: Optimization of parameters for semiempirical methods. 1. Method.
\bibitem{GO14.2} K. Govender, J. Gao, K.J. Naidoo, {\em J. Chem. Theory Comput.} {\bf 2014}, {\em 10}, 4694: AM1/d-CB1: A semiempirical model for QM/MM simulations of chemical biology systems.
\bibitem{MA10.27} T.A. Manz, D.S. Sholl, {\em J. Chem. Theory Comput.} {\bf 2010}, {\em 6}, 2455: Chemically meaningful atomic charges that reproduce the electrostatic potential in periodic and nonperiodic materials.
\bibitem{MA12.19} T.A. Manz, D.S. Sholl, {\em J. Chem. Theory Comput.} {\bf 2012}, {\em 8}, 2844: Improved atoms-in-molecule charge partitioning functional for simultaneously reproducing the electrostatic potential and chemical states in periodic and nonperiodic materials.
\bibitem{MA16.14} T.A. Manz, N.G. Limas, {\em RSC Adv.} {\bf 2016}, {\em 6}, 47771: Introducing DDEC6 atomic population analysis: Part 1. Charge partitioning theory and methodology.
\bibitem{BL18.1} P. Bleiziffer, K. Schaller, S. Riniker, {\em J. Chem. Inf. Model.} {\bf 2018}, {\em 58}, 579: Machine learning of partial charges derived from high-quality quantum-mechanical calculations.
\bibitem{AH89.1} R. Ahlrichs, M. B\"ar, M. H\"aser, H. Horn, C. K\"olmel, {\em Chem. Phys. Lett.} {\bf 1989}, {\em 162}, 165: Electronic structure calculations on workstation computers: The program system TURBOMOLE.
\bibitem{HO64.1} P. Hohenberg, W. Kohn, {\em Phys. Rev.} {\bf 1964}, {\em 136}, B864: Inhomogeneous electron gas.
\bibitem{KO65.1} W. Kohn, L.J. Sham, {\em Phys. Rev.} {\bf 1965}, {\em 140}, A1133: Self-consistent equations including exchange and correlation effects.
\bibitem{WE05.6} F. Weigend, R. Ahlrichs, {\em Phys. Chem. Chem. Phys.} {\bf 2005}, {\em 7}, 3297: Balanced basis sets of split valence, triple zeta valence and quadruple zeta valence quality for H to Rn: Design and assessment of accuracy.
\bibitem{WE06.2} F. Weigend, {\em Phys. Chem. Chem. Phys.} {\bf 2006}, {\em 8}, 1057: Accurate Coulomb-fitting basis sets for H to Rn.
\bibitem{ST03.10} V.N. Staroverov, G.E. Scuseria, J. Tao, J.P. Perdew, {\em J. Chem. Phys.} {\bf 2003}, {\em 119}, 12129: Comparative assessment of a new nonempirical density functional: Molecules and hydrogen-bonded complexes.
\bibitem{KL98.3} A. Klamt, V. Jonas, T. Burger, J.C.W. Lohrenz, {\em J. Phys. Chem. A} {\bf 1998}, {\em 102}, 5074: Refinement and parametrization of COSMO-RS.
\bibitem{EC02.2} F. Eckert, A. Klamt, {\em AIChE J.} {\bf 2002}, {\em 48}, 369: Fast solvent screening via quantum chemistry: COSMO-RS approach.
\bibitem{FR09.5} M.J. Frisch, G.W. Trucks, H.B. Schlegel, G.E. Scuseria, M.A. Robb, J.R. Cheeseman, G. Scalmani, V. Barone, B. Mennucci, G.A. Petersson, H. Nakatsuji, M. Caricato, X. Li, H.P. Hratchian, A.F. Izmaylov, J. Bloino, G. Zheng, J.L. Sonnenberg, M. Hada, M. Ehara, K. Toyota, R. Fukuda, J. Hasegawa, M. Ishida, T. Nakajima, Y. Honda, O. Kitao, H. Nakai, T. Vreven, J.A. Montgomery Jr., J.E. Peralta, F. Ogliaro, M. Bearpark, J.J. Heyd, E. Brothers, K.N. Kudin, V.N. Staroverov, R. Kobayashi, J. Normand, K. Raghavachari, A. Rendell, J.C. Burant, S.S. Iyengar, J. Tomasi, M. Cossi, N. Rega, J.M. Millam, M. Klene, J.E. Knox, J.B. Cross, V. Bakken, C. Adamo, J. Jaramillo, R. Gomperts, R.E. Stratmann, O. Yazyev, A.J. Austin, R. Cammi, C. Pomelli, J.W. Ochterski, R.L. Martin, K. Morokuma, V.G. Zakrzewski, G.A. Voth, P. Salvador, J.J. Dannenberg, S. Dapprich, A.D. Daniels, \"O. Farkas, J.B. Foresman, J.V. Ortiz, J. Cioslowski, D.J. Fox, {\em Gaussian 09, Revision D.01}; Gaussian, Inc., Wallingford CT, {\bf 2009}.
\bibitem{GO92.1} N. Godbout, D.R. Salahub, J. Andzelm, E. Wimmer, {\em Can. J. Chem.} {\bf 1992}, {\em 70}, 560: Optimization of Gaussian-type basis sets for local spin density functional calculations. Part I. Boron through neon, optimization technique and validation.
\bibitem{SO92.4} C. Sosa, J. Andzelm, B.C. Elkin, E. Wimmer, K.D. Dobbs, D.A. Dixon, {\em J. Phys. Chem.} {\bf 1992}, {\em 96}, 6630: A local density functional study of the structure and vibrational frequencies of molecular transition-metal compounds.
\bibitem{VO80.1} S.H. Vosko, L. Wilk, M. Nusair, {\em Can. J. Phys.} {\bf 1980}, {\em 58}, 1200: Accurate spin-dependent electron liquid correlation energies for local spin density calculations: A critical analysis.
\bibitem{LE88.3} C. Lee, W. Yang, R.G. Parr, {\em Phys. Rev. B} {\bf 1988}, {\em 37}, 785: Development of the Colic-Salvetti correlation-energy formula into a functional of the electron density.
\bibitem{BE93.4} A.D. Becke, {\em J. Chem. Phys.} {\bf 1993}, {\em 98}, 5648: Density-functional thermochemistry. III. The role of exact exchange.
\bibitem{ST94.3} P.J. Stephens, F.J. Devlin, C.F. Chabalowski, M.J. Frisch, {\em J. Phys. Chem.} {\bf 1994}, {\em 98}, 11623: Ab Initio Calculation of Vibrational Absorption and Circular Dichroism Spectra Using Density Functional Force Field.
\bibitem{HE88.3} M. Head-Gordon, J.A. Popla, M.J. Frisch, {\em Chem. Phys. Lett.} {\bf 1988}, {\em 153}, 503: MP2 energy evaluation by direct methods.
\bibitem{FR90.4} M.J. Frisch, M. Head-Gordon, J.A. Pople, {\em Chem. Phys. Lett.} {\bf 1990}, {\em 166}, 275: A direct MP2 gradient method.
\bibitem{DU89.1} T.H. Dunning Jr., {\em J. Chem. Phys.} {\bf 1989}, {\em 90}, 1007: Gaussian basis sets for use in correlated molecular calculations. I. The atoms boron through neon and hydrogen.
\bibitem{HU96.8} W. Humphrey, A. Dalke, K. Schulten, {\em J. Mol. Graph.} {\bf 1996}, {\em 14}, 33: VMD - Visual molecular dynamics.
\bibitem{CH10.1} C.D. Christ, A.E. Mark, W.F. van Gunsteren, {\em J. Comput. Chem.} {\bf 2010}, {\em 31}, 1569: Basic ingredients of free energy calculations: A review.
\bibitem{CH11.8} J.D. Chodera, D.L. Mobley, M.R. Shirts, R.W. Dixon, K. Branson, V.S. Pande, {\em Curr. Opin. Struct. Biol.} {\bf 2011}, {\em 21}, 150: Alchemical free energy methods for drug discovery: Progresses and challenges.
\bibitem{HA14.1} N. Hansen, W.F. van Gunsteren, {\em J. Chem. Theory Comput.} {\bf 2014}, {\em 10}, 2632: Practical aspects of free-energy calculations: A review.
\bibitem{VA87.4} W.F. van Gunsteren, H.J.C. Berendsen, {\em J. Comput.-Aided Mol. Design} {\bf 1987}, {\em 1}, 171: Thermodynamic cycle integration by computer simulation as a tool for obtaining free energy differences in molecular chemistry.
\bibitem{JO88.3} W.L. Jorgensen, J.K. Buckner, S. Boudon, J. Tirado-Rives, {\em J. Chem. Phys} {\bf 1988}, {\em 89}, 3742: Efficient computation of absolute free energies of binding by computer simulations. Application to the methane dimer in water.
\bibitem{CO14.1} J. Comer, B. Roux, C. Chipot, {\em Mol. Sim.} {\bf 2014}, {\em 40}, 218: Achieving ergodic sampling using replica-exchange free-energy calculations.
\bibitem{MA17.14} D. Markthaler, J. Gebhardt, S. Jakobtorweihen, N. Hansen, {\em Chem. Ing. Tech.} {\bf 2017}, {\em 89}, 1306: Molecular simulations of thermodynamic properties for the system $\alpha$-cyclodextrin/alcohol in aqueous solution.
\bibitem{BA18.2} J. Baz, J. Gebhardt, H. Kraus, D. Markthaler, N. Hansen, {\em Chem. Ing. Tech.} {\bf 2018}, {\em 90}, 1864: Insights into non-covalent binding obtained from molecular dynamics simulations.
\bibitem{SH07.13} M.R. Shirts, D.L. Mobley, J.D. Chodera, {\em Annu. Rep. Comput. Chem.} {\bf 2007}, {\em 3}, 41: Alchemical free energy calculations: Ready for prime time.
\bibitem{MA95.2} A.E. Mark, Y. Xu, H. Liu, W.F. van Gunsteren, {\em Acta Biochim. Pol.} {\bf 1995}, {\em 42}, 525: Rapid non-empirical approaches for estimating relative binding free energies.
\bibitem{LI96.1} H. Liu, A.E. Mark, W.F. van Gunsteren, {\em J. Phys. Chem.} {\bf 1996}, {\em 100}, 9485: Estimating the relative free energy of different molecular states with respect to a single reference state.
\bibitem{MA99.10} A.E. Mark, H. Sch\"afer, H. Liu, W.F. van Gunsteren, Estimating relative free energies from a single simulation of the initial state. In: {\em Computational molecular dynamics: challenges, methods, ideas, Proceedings of the 2nd Intl. Symp. on Algorithms for Macromol. Mod.}; P. Deuflhard, J. Hermans, B. Leimkuhler, A.E. Mark, S. Reich, R.D. Skeel, Eds.; Springer-Verlag, Berlin, Germany, {\bf 1999}; pp 149-162. 
\bibitem{SC99.3} H. Sch\"afer, W.F. van Gunsteren, A.E. Mark, {\em J. Comput. Chem.} {\bf 1999}, {\em 20}, 1604: Estimating relative free energies from a single ensemble: Hydration free energies.
\bibitem{RA12.6} E.P. Raman, K. Vanommeslaeghe, A.D. MacKerell Jr., {\em J. Chem. Theory Comput.} {\bf 2012}, {\em 8}, 3513: Site-specific fragment identification guided by single-step free energy perturbation calculation.
\bibitem{RA17.5} E.P. Raman, S.K. Lakkaraju, R.A. Denny, A.D. MacKerell Jr., {\em J. Comput. Chem.} {\bf 2017}, {\em 38}, 1238: Estimation of relative free energies of binding using precomputed ensembles based on the single-step free energy perturbation and the site-identification by ligand competitive saturation approaches.
\bibitem{BO17.2} S. Boresch, H.L. Woodcock, {\em Mol. Phys.} {\bf 2017}, {\em 115}, 1200: Convergence of single-step free energy perturbation.
\bibitem{LU01.1} N. Lu, D.A. Kofke, {\em J. Chem. Phys.} {\bf 2001}, {\em 114}, 7303: Accuracy of free-energy perturbation calculations in molecular simulation. I. Modeling.
\bibitem{LU01.2} N. Lu, D.A. Kofke, {\em J. Chem. Phys.} {\bf 2001}, {\em 115}, 6866: Accuracy of free-energy perturbation calculations in molecular simulation. II. Heuristics.
\bibitem{BE94.1} T.C. Beutler, A.E. Mark, R. van Schaik, P.R. Gerber, W.F. van Gunsteren, {\em Chem. Phys. Lett.} {\bf 1994}, {\em 222}, 529: Avoiding singularities and numerical instabilities in free energy calculations based on molecular simulations.
\bibitem{OO03.1} C. Oostenbrink, W.F. van Gunsteren, {\em J. Comput. Chem.} {\bf 2003}, {\em 24}, 1730: Single-step perturbations to calculate free energy differences from unphysical reference states: limits on size, flexibility and character.
\bibitem{OO04.2} C. Oostenbrink, W.F. van Gunsteren, {\em Proteins: Struct. Func. Genet.} {\bf 2004}, {\em 54}, 237: Free energies of binding of polychlorinated biphenyls to the estrogen receptor from a single simulation.
\bibitem{KH11.2} I.V. Khavrutskii, A. Wallqvist, {\em J. Chem. Theory Comput.} {\bf 2011}, {\em 7}, 3001: Improved binding free energy predictions from single-reference thermodynamic integration augmented with Hamiltonian replica exchange.
\bibitem{MA91.4} A.E. Mark, W.F. van Gunsteren, H.J.C. Berendsen, {\em J. Chem. Phys.} {\bf 1991}, {\em 94}, 3808: Calculation of relative free energy via indirect pathways.
\bibitem{ME16.1} A. Mentes, N.-J. Deng, R.S.K. Vijayan, J. Xia, E. Gallicchio, R.M. Levy, {\em J. Chem. Theory Comput.} {\bf 2016}, {\em 12}, 2459: Binding energy distribution analysis method: Hamiltonian replica exchange with torsional flattening for binding mode prediction and binding free energy estimation.
\bibitem{WA18.13} L. Wang, B.J. Berne, {\em J. Chem. Phys.} {\bf 2018}, {\em 149}, 072306/1: Efficient sampling of puckering states of monosaccharides through replica exchange with solute tempering and bond softening.
\bibitem{XI18.3} J. Xia, W. Flynn, R.M. Levy, {\em J. Chem. Inf. Model.} {\bf 2018}, {\em 58}, 1356: Improving prediction accuracy of binding free energies and poses of HIV integrase complexes using the binding energy distribution analysis method with flattening potentials.
\bibitem{CH09.1} C.D. Christ, W.F. van Gunsteren, {\em J. Chem. Theory Comput.} {\bf 2009}, {\em 5}, 276: Simple, efficient, and reliable computation of multiple free energy differences from a single simulation: A reference Hamiltonian parameter update scheme for enveloping distribution sampling (EDS).
\bibitem{CH09.3} C.D. Christ, W.F. van Gunsteren, {\em J. Comput. Chem.} {\bf 2009}, {\em 30}, 1664: Comparison of three enveloping distribution sampling Hamiltonians for the estimation of multiple free energy differences from a single simulation.
\bibitem{SH08.7} M.R. Shirts, J.D. Chodera, {\em J. Chem. Phys.} {\bf 2008}, {\em 129}, 124105/1: Statistically optimal analysis of samples from multiple equilibrium states.
\bibitem{BE76.3} C.H. Bennett, {\em J. Comput. Phys.} {\bf 1976}, {\em 22}, 245: Efficient estimation of free energy differences from Monte Carlo data.
\bibitem{SH03.5} M.R. Shirts, E. Bair, G. Hooker, V.S. Pande, {\em Phys. Rev. Lett.} {\bf 2003}, {\em 91}, 140601/1: Equilibrium free energies from nonequilibrium measurements using maximum-likelihood methods.
\bibitem{ST91.1} T.P. Straatsma, J.A. McCammon, {\em J. Chem. Phys.} {\bf 1991}, {\em 95}, 1175: Multiconfiguration thermodynamic integration.
\bibitem{JO10.2} M. Jorge, N.M. Garrido, A.J. Queimada, I.G. Economou, E.A. Macedo, {\em J. Chem. Theory Comput.} {\bf 2010}, {\em 6}, 1018: Effect of the integration method on the accuracy and computational efficiency of free energy calculations using thermodynamic integration.
\bibitem{BR11.5} S. Bruckner, S. Boresch, {\em J. Comput. Chem.} {\bf 2011}, {\em 32}, 1303: Efficiency of alchemical free energy simulations. I. A practical comparison of the exponential formula, thermodynamic integration, and Bennett's acceptance ratio method.
\bibitem{BR11.6} S. Bruckner, S. Boresch, {\em J. Comput. Chem.} {\bf 2011}, {\em 32}, 1320: Efficiency of alchemical free energy simulations. II. Improvements for thermodynamic integration.
\bibitem{SH09.12} C. Shyu, F.M. Ytreberg, {\em J. Comput. Chem.} {\bf 2009}, {\em 30}, 2297: Reducing the bias and uncertainty of free energy estimates by using regression to fit thermodynamic integration data.
\bibitem{VI10.6} J.Z. Vilseck, O. Acevedo, {\em Annu. Rep. Comput. Chem.} {\bf 2010}, {\em 6}, 37: Computing free-energy profiles using multidimensional potentials of mean force and polynomial quadrature methods.
\bibitem{SH11.7} C. Shyu, F.M. Ytreberg, {\em J. Comput. Chem.} {\bf 2011}, {\em 32}, 134: Accurate estimation of solvation free energy using polynomial fitting techniques.
\bibitem{JO08.3} W.L. Jorgensen, L.L. Thomas, {\em J. Chem. Theory Comput.} {\bf 2008}, {\em 4}, 869: Perspective on free-energy perturbation calculations for chemical equilibria.
\bibitem{CR86.1} A.J. Cross, {\em Chem. Phys. Lett.} {\bf 1986}, {\em 128}, 198: Influence of Hamiltonian parameterization on convergence of Kirkwood free energy calculations.
\bibitem{BL04.2} A. Blondel, {\em J. Comput. Chem.} {\bf 2004}, {\em 25}, 985: Ensemble variance in free energy calculations by thermodynamic integration: theory, optimal "alchemical" path, and practical solutions.
\bibitem{PH11.1} T.T. Pham, M.R. Shirts, {\em J. Chem. Phys.} {\bf 2011}, {\em 135}, 034114/1: Identifying low variance pathways for free energy calculations of molecular transformations in solution phase.
\bibitem{PH12.1} T.T. Pham, M.R. Shirts, {\em J. Chem. Phys.} {\bf 2012}, {\em 136}, 124120/1: Optimal pairwise and non-pairwise alchemical pathways for free energy calculations of molecular transformations in solution phase.
\bibitem{NA14.1} L.N. Naden, T.T. Pham, M.R. Shirts, {\em J. Chem. Theory Comput.} {\bf 2014}, {\em 10}, 1128: Linear basis function approach to efficient alchemical free energy calculations. 1. Removal of uncharged atomic sites.
\bibitem{NA15.3} L.N. Naden, M.R. Shirts, {\em J. Chem. Theory Comput.} {\bf 2015}, {\em 11}, 2536: Linear basis function approach to efficient alchemical free energy calculations. 2. Inserting and deleting particles with Coulombic interactions.
\bibitem{ME93.3} M. Mezei, {\em Mol. Simul.} {\bf 1993}, {\em 10}, 225: Calculation of solvation free-energy differences for large solute change from computer simulation with quadrature-based nearly linear thermodynamic integration.
\bibitem{HU16.7} S. Hug, M. Schwarzfischer, J. Hasenauer, C. Marr, F.J. Theis, {\em Stat. Comput.} {\bf 2016}, {\em 26}, 663: An adaptive scheduling scheme for calculating Bayes factors with thermodynamic integration using Simpson's rule.
\bibitem{ME17.1} A. Mecklenfeld, G. Raabe, {\em Mol. Phys.} {\bf 2017}, {\em 115}, 1322: Efficient solvation free energy simulations: impact of soft-core potential and a new adaptive $\lambda$-spacing method.
\bibitem{SU17.3} Z.X. Sun, X.H. Wang, J.Z.H. Zhang, {\em Phys. Chem. Chem. Phys.} {\bf 2017}, {\em 19}, 15005: BAR-based optimum adaptive sampling regime for variance minimization in alchemical transformation.
\bibitem{DA18.1} J. Dakka, K. Farkas-Pall, V. Balasubramanian, M. Turilli, S. Wan, D.W. Wright, S. Zasada, P.V. Coveney, S. Jha, {\em IEEE Conf.} {\bf 2018}, {\em eScience}, : Concurrent and adaptive extreme scale binding free energy calculations.
\bibitem{DE16.9} A. de Ruiter, C. Oostenbrink, {\em J. Chem. Theory Comput.} {\bf 2016}, {\em 12}, 4476: Extended thermodynamic integration: Efficient prediction of lambda derivatives at nonsimulated points.
\bibitem{LI93.1} Z. Liu, B.J. Berne, {\em J. Chem. Phys.} {\bf 1993}, {\em 99}, 6071: Method for accelerating chain folding and mixing.
\bibitem{TI93.2} B. Tidor, {\em J. Phys. Chem.} {\bf 1993}, {\em 97}, 1069: Simulated annealing on free energy surfaces by a combined molecular dynamics and Monte Carlo approach.
\bibitem{KO96.1} X. Kong, C.L. Brooks III, {\em J. Chem. Phys.} {\bf 1996}, {\em 105}, 2414: $\lambda$-dynamics: A new approach to free energy calculations.
\bibitem{SU99.1} Y. Sugita, Y. Okamoto, {\em Chem. Phys. lett.} {\bf 1999}, {\em 134}, 141: Replica-exchange molecular dynamics method for protein folding.
\bibitem{MI01.1} A. Mitsutake, Y. Sugita, Y. Okamoto, {\em Biopolymers} {\bf 2001}, {\em 60}, 96: Generalized-ensemble algorithms for molecular simulations of biopolymers.
\bibitem{IB01.1} Y. Iba, {\em Int. J. Mod. Phys. C} {\bf 2001}, {\em 12}, 623: Extended ensemble Monte Carlo.
\bibitem{GR16.4} M.M.H. Graf, M. Maurer, C. Oostenbrink, {\em J. Comput. Chem.} {\bf 2016}, {\em 37}, 2597: Free-energy calculations of residue mutations in a tripeptide using various methods to overcome inefficient sampling.
\bibitem{WO03.1} C.J. Woods, J.W. Essex, {\em J. Phys. Chem. B} {\bf 2003}, {\em 107}, 13703: The development of replica-exchange-based free-energy methods.
\bibitem{WO03.2} C.J. Woods, J.W. Essex, M.A. King, {\em J. Phys. Chem. B} {\bf 2003}, {\em 107}, 13711: Enhanced configurational sampling in binding free-energy calculations.
\bibitem{HR07.1} J. Hritz, C. Oostenbrink, {\em J. Chem. Phys.} {\bf 2007}, {\em 127}, 204104/1: Optimization of replica exchange molecular dynamics by fast mimicking interactions.
\bibitem{DE08.2} Y. Deng, B. Roux, {\em J. Chem. Phys.} {\bf 2008}, {\em 128}, 115103/1: Computation of binding free energy with molecular dynamics and grand canonical MC simulations.
\bibitem{DE08.12} C.A.F. de Oliveira, D. Hamelberg, J.A. McCammon, {\em J. Chem. Theory Comput.} {\bf 2008}, {\em 4}, 1516: Coupling accelerated molecular dynamics methods with thermodynamic integration simulations.
\bibitem{FA08.7} M. Fajer, D. Hamelberg, J.A. McCammon, {\em J. Chem. Theory Comput.} {\bf 2008}, {\em 4}, 1565: Replica-exchange accelerated molecular dynamics (REXAMD) applied to thermodynamic integration.
\bibitem{HR08.1} J. Hritz, C. Oostenbrink, {\em J. Chem. Phys.} {\bf 2008}, {\em 128}, 144121/1: Hamiltonian replica exchange molecular dynamics using soft-core interactions.
\bibitem{HR09.1} J. Hritz, C. Oostenbrink, {\em J. Phys. Chem. B} {\bf 2009}, {\em 113}, 12711: Efficient free energy calculations for compounds with multiple stable conformations separated by high energy barriers.
\bibitem{KH10.1} I.V. Khavrutskii, A. Wallqvist, {\em J. Chem. Theory Comput.} {\bf 2010}, {\em 6}, 3427: Computing relative free energies of solvation using single reference thermodynamic integration augmented with Hamiltonian replica exchange.
\bibitem{DO12.5} U. Doshi, D. Hamelberg, {\em J. Chem. Theory Comput.} {\bf 2012}, {\em 8}, 4004: Improved statistical sampling and accuracy with accelerated molecular dynamics on rotatable torsions.
\bibitem{WA12.2} L. Wang, B.J. Berne, R.A. Friesner, {\em Proc. Natl. Acad. Sci. USA} {\bf 2012}, {\em 109}, 1937: On achieving high accuracy and reliability in the calculation of relative protein-ligand binding affinities.
\bibitem{GA13.4} J.A. Garate, C. Oostenbrink, {\em J. Comput. Chem.} {\bf 2013}, {\em 34}, 1398: Free energy differences between states with different conformational ensembles.
\bibitem{KA14.3} J.W. Kaus, M. Arrar, J.A. McCammon, {\em J. Phys. Chem. B} {\bf 2014}, {\em 118}, 5109: Accelerated adaptive integration method.
\bibitem{FU02.2} H. Fukunishi, O. Watanabe, S. Takada, {\em J. Chem. Phys.} {\bf 2002}, {\em 116}, 9058: On the Hamiltonian replica exchange method for efficient sampling of biomolecular systems: Application to protein structure prediction.
\bibitem{ZH16.2} B.W. Zhang, W. Dai, E. Gallicchio, P. He, J. Xia, Z. Tan, R.M. Levy, {\em J. Phys. Chem. B} {\bf 2016}, {\em 120}, 8289: Simulating replica exchange: Markov state models, proposal schemes, and the infinite swapping limit.
\bibitem{CA05.6} F. Calvo, {\em J. Chem. Phys.} {\bf 2005}, {\em 123}, 124106/1: All-exchanges parallel tempering.
\bibitem{BR07.6} P. Brenner, C.R. Sweet, D. VonHandorf, J.A. Izaguirre, {\em J. Chem. Phys.} {\bf 2007}, {\em 126}, 074103/1: Accelerating the replica exchange method through an efficient all-pairs exchange.
\bibitem{CH11.9} J.D. Chodera, M.R. Shirts, {\em J. Chem. Phys.} {\bf 2011}, {\em 135}, 194110/1: Replica exchange and expanded ensemble simulations as Gibbs sampling: Simple improvements for enhanced mixing.
\bibitem{LI06.11} H. Li, G. Li, B.A. Berg, W. Yang, {\em J. Chem. Phys.} {\bf 2006}, {\em 125}, 144902/1: Finite reservoir replica exchange to enhance canonical sampling in rugged energy surfaces.
\bibitem{OK07.4} A. Okur, D.R. Roe, G. Cui, V. Hornak, C. Simmerling, {\em J. Chem. Theory Comput.} {\bf 2007}, {\em 3}, 557: Improving convergence of replica-exchange simulations through coupling to a high-temperature structure reservoir.
\bibitem{RO07.14} A.E. Roitberg, A. Okur, C. Simmerling, {\em J. Phys. Chem. B} {\bf 2007}, {\em 111}, 2415: Coupling of replica exchange simulations to a non-Boltzmann structure reservoir.
\bibitem{RU10.2} J.Z. Ruscio, N.L. Fawzi, T. Head-Gordon, {\em J. Comput. Chem.} {\bf 2010}, {\em 31}, 620: How hot? Systematic convergence of the replica exchange method using multiple reservoirs.
\bibitem{OK13.1} A. Okur, B.T. Miller, K. Joo, J. Lee, B.R. Brooks, {\em J. Chem. Theory Comput.} {\bf 2013}, {\em 9}, 1115: Generating reservoir conformations for replica exchange through the use of the conformational space annealing method.
\bibitem{HE13.6} N.M. Henriksen, D.R. Roe, T.E. Cheatham III, {\em J. Phys. Chem. B} {\bf 2013}, {\em 117}, 4014: Reliable oligonucleotide conformational ensemble generation in explicit solvent for force field assessment using reservoir replica exchange molecular dynamics simulations.
\bibitem{DA18.6} A. Damjanovic, B.T. Miller, A. Okur, B.R. Brooks, {\em J. Chem. Phys.} {\bf 2018}, {\em 149}, 072321/1: Reservoir pH replica exchange.
\bibitem{CH15.28} C. Chen, Y. Xiao, Y. Huang, {\em Phys. Rev. E} {\bf 2015}, {\em 91}, 052708/1: Improving the replica-exchange molecular-dynamics method for efficient sampling in the temperature space.
\bibitem{CH16.21} C. Chen, Y. Huang, {\em J. Comput. Chem.} {\bf 2016}, {\em 37}, 1565: Walking freely in the energy and temperature space by the modified replica exchange molecular dynamics method.
\bibitem{LI07.13} X. Li, C.P. O'Brien, G. Collier, N.A. Vellore, F. Wang, R.A. Latour, D.A. Bruce, S.J. Stuart, {\em J. Chem. Phys.} {\bf 2007}, {\em 127}, 164116/1: An improved replica-exchange sampling method: Temperature intervals with global energy reassignment.
\bibitem{LI09.20} X. Li, R.A. Latour, S.J. Stuart, {\em J. Chem. Phys.} {\bf 2009}, {\em 130}, 174106/1: TIGER2: An improved algorithm for temperature intervals with global exchange of replicas.
\bibitem{LI15.18} X. Li, J.A. Snyder, S.J. Stuart, R.A. Latour, {\em J. Chem. Phys.} {\bf 2015}, {\em 143}, 144105/1: TIGER2 with solvent energy averaging (TIGER2A): An accelerated sampling method for large molecular systems with explicit representation of solvent.
\bibitem{KU18.3} M. Kulke, N. Geist, D. M\"oller, W. Langel, {\em J. Phys. Chem. B} {\bf 2018}, {\em 122}, 7295: Replica-based protein structure sampling methods: Compromising between explicit and implicit solvents.
\bibitem{SI08.3} D. Sindhikara, Y. Meng, A.E. Roitberg, {\em J. Chem. Phys.} {\bf 2008}, {\em 128}, 024103/1: Exchange frequency in replica exchange molecular dynamics.
\bibitem{PL11.4} N. Plattner, J.D. Doll, J.D. Dupuis, H. Wang, Y. Liu, J.E. Gubernatis, {\em J. Chem. Phys.} {\bf 2011}, {\em 135}, 134111/1: An infinite swapping approach to the rare-event sampling problem.
\bibitem{DU12.3} P. Dupuis, Y. Liu, N. Plattner, J.D. Doll, {\em Multiscale Model. Simul.} {\bf 2012}, {\em 10}, 986: On the infinite swapping limit for parallel tempering.
\bibitem{PL13.3} N. Plattner, J.D. Doll, M. Meuwly, {\em J. Chem. Theory Comput.} {\bf 2013}, {\em 9}, 4215: Overcoming the rare event sampling problem in biological systems with infinite swapping.
\bibitem{LU13.4} J. Lu, E. Vanden-Eijnden, {\em J. Chem. Phys.} {\bf 2013}, {\em 138}, 084105/1: Infinite swapping replica exchange molecular dynamics leads to a simple simulation patch using mixture potentials.
\bibitem{KI10.5} J. Kim, T. Keyes, J.E. Straub, {\em J. Chem. Phys.} {\bf 2010}, {\em 132}, 224107/1: Generalized replica exchange method.
\bibitem{LU12.7} Q. Lu, J. Kim, J.E. Straub, {\em J. Phys. Chem. B} {\bf 2012}, {\em 116}, 8654: Exploring the solid-liquid phase change of an adapted Dzugutov model using generalized replica exchange method.
\bibitem{LU13.5} Q. Lu, J. Kim, J.E. Straub, {\em J. Chem. Phys.} {\bf 2013}, {\em 138}, 104119/1: Order parameter free enhanced sampling of the vapor-liquid transition using the generalized replica exchange method.
\bibitem{LU14.6} Q. Lu, J. Kim, J.D. Farrell, D.J. Wales, J.E. Straub, {\em J. Chem. Phys.} {\bf 2014}, {\em 141}, 18C525/1: Investigating the solid-liquid phase transition of water nanofilms using the generalized replica exchange method.
\bibitem{MA15.18} E. Ma\l{l}olepsza, M. Secor, T. Keyes, {\em J. Phys. Chem. B} {\bf 2015}, {\em 119}, 13379: Isobaric molecular dynamics version of the generalized replica exchange method (gREM): Liquid-vapor equilibrium.
\bibitem{MA15.19} E. Ma\l{l}olepsza, T. Keyes, {\em J. Chem. Theory Comput.} {\bf 2015}, {\em 11}, 5613: Water freezing and ice melting.
\bibitem{SU10.4} H. Suwa, S. Todo, {\em Phys. Rev. Lett.} {\bf 2010}, {\em 105}, 120603/1: Markov chain Monte Carlo method without detailed balance.
\bibitem{TO13.7} S. Todo, H. Suwa, {\em J. Phys. Conf. Ser.} {\bf 2013}, {\em 473}, 012013/1: Geometric allocation approaches in Markov chain Monte Carlo.
\bibitem{MO15.11} Y. Mori, H. Okumura, {\em J. Comput. Chem.} {\bf 2015}, {\em 36}, 2344: Simulated tempering based on global balance or detailed balance conditions: Suwa-Todo, heat bath, and Metropolis algorithms.
\bibitem{IT13.1} S.G. Itoh, H. Okumura, {\em J. Chem. Theory Comput.} {\bf 2013}, {\em 9}, 570: Replica-permutation method with the Suwa-Todo algorithm beyond the replica-exchange method.
\bibitem{IT13.2} S.G. Itoh, H. Okumura, {\em J. Comput. Chem.} {\bf 2013}, {\em 34}, 2493: Hamiltonian replica-permutation method and its applications to an alanine dipeptide and amyloid-$\beta$(29-42) peptides.
\bibitem{YA17.2} M. Yamauchi, H. Okumura, {\em J. Chem. Phys.} {\bf 2017}, {\em 147}, 184107/1: Development of isothermal-isobaric replica-permutation method for molecular dynamics and Monte Carlo simulations and its application to reveal temperature and pressure dependence of folded, misfolded, and unfolded states of chignolin.
\bibitem{DA01.7} K.V. Damodoran, S. Banba, C.L. Brooks III, {\em J. Phys. Chem. B} {\bf 2001}, {\em 105}, 9316: Application of multiple topology $\lambda$-dynamics to a host-guest system: $\beta$-cyclodextrin with substituted benzenes.
\bibitem{GU03.1} Z. Guo, J. Durkin, T. Fischermann, R. Ingram, A. Prongay, R. Zhang, V. Madison, {\em J. Med. Chem.} {\bf 2003}, {\em 46}, 5360: Application of the $\lambda$-dynamics method to evaluate the relative binding free energies of inhibitors to HCV protease.
\bibitem{KN09.1} J.L. Knight, C.L. Brooks III, {\em J. Comput. Chem.} {\bf 2009}, {\em 30}, 1692: $\lambda$-dynamics free energy simulation methods.
\bibitem{KN11.2} J.L. Knight, C.L. Brooks III, {\em J. Chem. Theory Comput.} {\bf 2011}, {\em 7}, 2728: Multisite $\lambda$-dynamics for simulated structure-activity relationship studies.
\bibitem{DO11.2} S. Donnini, F. Tegeler, G. Groenhof, H. Grubm\"uller, {\em J. Chem. Theory Comput.} {\bf 2011}, {\em 7}, 1962: Constant pH molecular dynamics in explicit solvent with $\lambda$-dynamics.
\bibitem{AR15.2} K.A. Armacost, G.B. Goh, C.L. Brooks III, {\em J. Chem. Theory Comput.} {\bf 2015}, {\em 11}, 1267: Biasing potential replica exchange multisite dynamics for efficient free energy calculations.
\bibitem{HA17.1} R.L. Hayes, K.A. Armacost, J.Z. Vilseck, C.L. Brooks III, {\em J. Phys. Chem. B} {\bf 2017}, {\em 121}, 3626: Adaptive landscape flattening accelerates sampling of alchemical space in multisite $\lambda$-dynamics.
\bibitem{KN11.1} J.L. Knight, C.L. Brooks III, {\em J. Comput. Chem.} {\bf 2011}, {\em 32}, 3423: Applying efficient implicit nongeometric constraints in alchemical free energy simulations.
\bibitem{KA05.1} J. K\"astner, W. Thiel, {\em J. Chem. Phys.} {\bf 2005}, {\em 123}, 144104/1: Bridging the gap between thermodynamic integration and umbrella sampling provides a novel analysis method: Umbrella integration.
\bibitem{KA06.6} J. K\"astner, W. Thiel, {\em J. Chem. Phys.} {\bf 2006}, {\em 124}, 234106/1: Analysis of the statistical error in umbrella sampling simulations by umbrella integration.
\bibitem{KA12.5} J. K\"astner, {\em J. Chem. Phys.} {\bf 2012}, {\em 136}, 234102/1: Umbrella integration with higher-order correction terms.
\bibitem{DI17.5} X. Ding, J.Z. Vilseck, R.L. Hayes, C.L. Brooks III, {\em J. Chem. Theory Comput.} {\bf 2017}, {\em 13}, 2501: Gibbs sampler-based $\lambda$-dynamics and Rao-Blackwell estimator for alchemical free energy calculation.
\bibitem{KO05.8} A. Kone, D.A. Kofke, {\em J. Chem. Phys.} {\bf 2005}, {\em 122}, 206101/1: Selection of temperature intervals for parallel-tempering simulations.
\bibitem{RA05.8} N. Rathore, M. Chopra, J.J. de Pablo, {\em J. Chem. Phys.} {\bf 2005}, {\em 122}, 024111/1: Optimal allocation of replicas in parallel tempering simulations.
\bibitem{TR06.5} S. Trebst, M. Troyer, U.H.E. Hansmann, {\em J. Chem. Phys.} {\bf 2006}, {\em 124}, 174903/1: Optimized parallel tempering simulations of proteins.
\bibitem{NA08.6} W. Nadler, U.H.E. Hansmann, {\em J. Phys. Chem. B Lett.} {\bf 2008}, {\em 112}, 10386: Optimized explicit-solvent replica exchange molecular dynamics from scratch.
\bibitem{NA08.10} W. Nadler, J.H. Meinke, U.H.E. Hansmann, {\em Phys. Rev. E} {\bf 2008}, {\em 78}, 061905/1: Folding proteins by first-passage-times-optimized replica exchange.
\bibitem{VO15.2} T. Vogel, D. Perez, {\em Physics Procedia} {\bf 2015}, {\em 68}, 125: Accelerating the convergence of replica exchange simulations using Gibbs sampling and adaptive temperature sets.
\bibitem{VO15.3} T. Vogel, D. Perez, {\em Phys. Rev. Lett.} {\bf 2015}, {\em 115}, 190602/1: Towards an optimal flow: Density-of-states-informed replica-exchange simulations.
\bibitem{SI16.5} D. Sidler, A. Schwaninger, S. Riniker, {\em J. Chem. Phys.} {\bf 2016}, {\em 145}, 154114/1: Replica exchange enveloping distribution sampling (RE-EDS): A robust method to estimate multiple free-energy differences from a single simulation.
\bibitem{SI17.7} D. Sidler, M. Crist\`ofol-Clough, S. Riniker, {\em J. Chem. Theory Comput.} {\bf 2017}, {\em 13}, 3020: Efficient round-trip time optimization for replica-exchange enveloping distribution sampling (RE-EDS).
\bibitem{MA18.8} J.L. MacCallum, M.I. Muniyat, K. Gaalswyk, {\em J. Phys. Chem. B} {\bf 2018}, {\em 122}, 5448: Online optimization of total acceptance in Hamiltonian replica exchange simulations.
\bibitem{DO13.1} S. Donnini, F. Tegeler, G. Groenhof, H. Grubm\"{u}ller, {\em J. Chem. Theory Comput.} {\bf 2013}, {\em 9}, 3261: Correction to constant pH molecular dynamics in explicit solvent with $\lambda$-dynamics.
\bibitem{ZH12.3} L. Zheng, W. Yang, {\em J. Chem. Theory Comput.} {\bf 2012}, {\em 8}, 810: Practically efficient and robust free energy calculations: Double-integration orthogonal space tempering.
\bibitem{GU98.1} Z. Guo, C.L. Brooks III, X. Kong, {\em J. Phys. Chem. B} {\bf 1998}, {\em 102}, 2032: Efficient and flexible algorithm for free energy calculations using the $\lambda$-dynamics approach.
\bibitem{GU98.2} Z. Guo, C.L. Brooks III, {\em J. Am. Chem. Soc.} {\bf 1998}, {\em 120}, 1920: Rapid screening of binding affinities: Applications of the $\lambda$-dynamics method to a trypsin-inhibitor system.
\bibitem{SO01.1} M. Souaille, B. Roux, {\em Comput. Phys. Commun.} {\bf 2001}, {\em 135}, 40: Extension to the weighted histogram analysis method: Combining umbrella sampling with free energy calculations.
\bibitem{WA01.5} F. Wang, D.P. Landau, {\em Phys. Rev. Lett.} {\bf 2001}, {\em 86}, 2050: Efficient, multiple-range random walk algorithm to calculate the density of states.
\bibitem{LA04.6} D.P. Landau, S.-H. Tsai, M. Exler, {\em J. Chem. Phys.} {\bf 2004}, {\em 72}, 1294: A new approach to Monte Carlo simulations in statistical physics: Wang-Landau sampling.
\bibitem{BA08.2} A. Barducci, G. Bussi, M. Parrinello, {\em Phys. Rev. Lett.} {\bf 2008}, {\em 100}, 020603/1: Well-tempered metadynamics: A smoothly converging and tunable free-energy method.
\bibitem{FA04.3} M. Fasnacht, R.H. Swendsen, J.M. Rosenberg, {\em Phys. Rev. E} {\bf 2004}, {\em 69}, 056704/1: Adaptive integration method for Monte Carlo simulations.
\bibitem{LY92.1} A.P. Lyubartsev, A.A. Martsinovski, S.V. Shevkunov, P.N. Vorontsov-Velyaminov, {\em J. Chem. Phys.} {\bf 1992}, {\em 96}, 1776: New approach to Monte Carlo calculation of the free energy: Method of expanded ensembles.
\bibitem{LY94.1} A.P. Lyubartsev, A. Laaksonen, P.N. Vorontsov-Velyaminov, {\em Mol. Phys.} {\bf 1994}, {\em 82}, 455: Free energy calculations for Lennard-Jones systems and water using the expanded ensemble method. A Monte Carlo and molecular dynamics simulation study.
\bibitem{LY96.2} A.P. Lyubartsev, A. Laaksonen, P.N. Vorontsov-Velyaminov, {\em Mol. Simul.} {\bf 1996}, {\em 18}, 43: Determination of free energy from chemical potentials: Application of the expanded ensemble method.
\bibitem{ES07.1} F.A. Escobedo, F.J. Mart\'{\i}nez-Veracoecha, {\em J. Chem. Phys.} {\bf 2007}, {\em 127}, 174103/1: Optimized expanded ensembles for simulations involving molecular insertions and deletions. I. Closed systems.
\bibitem{ES07.2} F.A. Escobedo, F.J. Mart\'{\i}nez-Veracoecha, {\em J. Chem. Phys.} {\bf 2007}, {\em 127}, 174104/1: Optimized expanded ensembles for simulations involving molecular insertions and deletions. II. Open systems.
\bibitem{PA11.7} A.S. Paluch, D.L. Mobley, E.J. Maginn, {\em J. Chem. Theory Comput.} {\bf 2011}, {\em 7}, 2910: Small molecule solvation free energy: Enhanced conformational sampling using expanded ensemble molecular dynamics simulation.
\bibitem{RA18.2} B. K. Radak, S. Donghyuk, B. Roux, {\em J. Chem. Phys.} {\bf 2018}, {\em 149}, 072315/1: A generalized linear response framework for expanded ensemble and replica exchange simulations.
\bibitem{TO74.1} G.M. Torrie, J.P. Valleau, {\em Chem. Phys. Lett.} {\bf 1974}, {\em 28}, 578: Monte Carlo free energy estimates using non-Boltzmann sampling: Application to the sub-critical Lennard-Jones fluid.
\bibitem{HU98.6} T. Huber, W.F. van Gunsteren, {\em J. Phys. Chem. A} {\bf 1998}, {\em 102}, 5937: SWARM-MD: Searching conformational space by cooperative molecular dynamics.
\bibitem{BU15.5} K.K. Burusco, N.J. Bruce, I. Alibay, R.A. Bryce, {\em Chem. Phys. Chem.} {\bf 2015}, {\em 16}, 3233: Free energy calculations using a swarm-enhanced sampling molecular dynamics approach.
\bibitem{KA18.6} H. Kamberaj, {\em J. Mol. Graph. Model.} {\bf 2018}, {\em 81}, 32: Faster protein folding using enhanced conformational sampling of molecular dynamics simulation.
\bibitem{AL18.2} I. Alibay, K.K. Burusco, N.J. Bruce, R.A. Bryce, {\em J. Phys. Chem. B} {\bf 2018}, {\em 122}, 2462: Identification of rare Lewis oligosaccharide conformers in aqueous solution using enhanced sampling molecular dynamics.
\bibitem{RA06.2} P. Raiteri, A. Laio, F.L. Gervasio, C. Micheletti, M. Parrinello, {\em J. Phys. Chem. B} {\bf 2006}, {\em 110}, 3533: Efficient reconstruction of complex free energy landscapes by multiple walkers metadynamics.
\bibitem{CO14.5} J. Comer, J.C. Phillips, K. Schulten, C. Chipot, {\em J. Chem. Theory Comput.} {\bf 2014}, {\em 10}, 5276: Multiple-replica strategies for free-energy calculations in NAMD: Multiple-walker adaptive biasing force and walker selection rules.
\bibitem{SU16.3} Z. \v{S}u\'cur, V. Spiwok, {\em J. Chem. Theory Comput.} {\bf 2016}, {\em 12}, 4644: Sampling enhancement and free energy prediction by the flying Gaussian method.
\bibitem{KR17.1} P. K\v{r}\'{\i}\v{z}, Z. \v{S}u\'cur, V. Spiwok, {\em J. Phys. Chem. B} {\bf 2017}, {\em 121}, 10479: Free-energy surface prediction by flying Gaussian method: Multisystem representation.
\bibitem{HA13.1} N. Hansen, P.H. H\"unenberger, W.F. van Gunsteren, {\em J. Chem. Theory Comput.} {\bf 2013}, {\em 9}, 1334: Efficient combination of environment change and alchemical perturbation within the enveloping distribution sampling (EDS) scheme: Twin-system EDS and application to the determination of octanol-water partition coefficients.
\bibitem{GE16.1} J. Gebhardt, N. Hansen, {\em Fluid Phase Equilib.} {\bf 2016}, {\em 422}, 1: Calculation of binding affinities for linear alcohols to $\alpha$-cyclodextrin by twin-system enveloping distribution sampling simulations.
\bibitem{LU04.3} N. Lu, D.A. Kofke, T.B. Woolf, {\em J. Comput. Chem.} {\bf 2004}, {\em 25}, 28: Improving the efficiency and reliability of free energy perturbation calculations using overlap sampling methods.
\bibitem{SH05.6} M.R. Shirts, V.S. Pande, {\em J. Chem. Phys.} {\bf 2005}, {\em 122}, 144107/1: Comparison of efficiency and bias of free energies computed by exponential averaging, the Bennett acceptance ratio, and thermodynamic integration.
\bibitem{FA09.4} M. Fajer, R.V. Swift, J.A. McCammon, {\em J. Comput. Chem.} {\bf 2009}, {\em 30}, 1719: Using multistate free energy techniques to improve the efficiency of replica exchange accelerated molecular dynamics.
\bibitem{TA12.1} Z. Tan, E. Gallicchio, M. Lapelosa, R.M. Levy, {\em J. Chem. Phys.} {\bf 2012}, {\em 136}, 144102/1: Theory of binless multi-state free energy estimation with applications to protein-ligand binding.
\bibitem{ZH17.6} B.W. Zhang, N. Deng, Z. Tan, R.M. Levy, {\em J. Chem. Theory Comput.} {\bf 2017}, {\em 13}, 4660: Stratified UWHAM and its stochastic approximation for multicanonical simulations which are far from equilibrium.
\bibitem{HO11.1} B.A.C. Horta, P.F.J. Fuchs, W.F. van Gunsteren, P.H. H\"unenberger, {\em J. Chem. Theory Comput.} {\bf 2011}, {\em 7}, 1016: New interaction parameters for oxygen compounds in the GROMOS force field: Improved pure-liquid and solvation properties for alcohols, ethers, aldehydes, ketones, carboxylic acids and esters.
\bibitem{BE81.1} H.J.C. Berendsen, J.P.M. Postma, W.F. van Gunsteren, J. Hermans, Interaction models for water in relation to protein hydration. In: {\em Intermolecular Forces.}; B. Pullman, Ed.; Reidel, Dordrecht, The Netherlands, {\bf 1981}; pp 331-342. 
\bibitem{SI93.1} T. Simonson, {\em Mol. Phys.} {\bf 1993}, {\em 80}, 441: Free energy of particle insertion. An exact analysis of the origin singularity for simple liquids.
\bibitem{ZA94.1} M. Zacharias, T.P. Straatsma, J.A. McCammon, {\em J. Chem. Phys.} {\bf 1994}, {\em 100}, 9025: Separation-shifted scaling, a new scaling method for Lennard-Jones interactions in thermodynamic integration.
\bibitem{SH03.4} M.R. Shirts, J.W. Pitera, W.C. Swope, V.S. Pande, {\em J. Chem. Phys.} {\bf 2003}, {\em 119}, 5740: Extremely precise free energy calculations of amino acid side chain analogs: Comparison of common molecular mechanics force fields for proteins.
\bibitem{SH05.7} M.R. Shirts, V.S. Pande, {\em J. Chem. Phys.} {\bf 2005}, {\em 122}, 134508/1: Solvation free energies of amino acid side chain analogs for common molecular mechanics water models.
\bibitem{MO07.2} D.L. Mobley, E. Dumont, J.D. Chodera, K.A. Dill, {\em J. Phys. Chem. B} {\bf 2007}, {\em 111}, 2242: Comparison of charge models for fixed-charge force fields: Small-molecule hydration free energies in explicit solvent.
\bibitem{LI08.8} M. Lingenheil, R. Denschlag, R. Reichold, P. Tavan, {\em J. Chem. Theory Comput.} {\bf 2008}, {\em 4}, 1293: The "hot-solvent/cold-solute" problem revisited.
\bibitem{DE01.6} C. de Boor, {\em A practical guide to splines. Applied mathematical sciences. Volume 27.}; Springer New York, {\bf 2001}.
\bibitem{CH17.16} J. Chodera, M. Shirts, {\em A Python implementation of the multistate Bennett acceptance ratio (MBAR) Available at: {\em https://github.com/choderalab/pymbar/}} {\bf 2017}.
\bibitem{ST08.9} W.S. Gosset (as "Student"), {\em Biometrika} {\bf 1908}, {\em 6}, 1: The probable error of a mean.
\bibitem{EF79.1} B. Efron, {\em Ann. Statist.} {\bf 1979}, {\em 7}, 1: Bootstrap methods: Another look at the jackknife.
\bibitem{EF98.1} B. Efron, R.J. Tibshirani, {\em An introduction to the bootstrap.}; Chapman, Hall / CRC Taylor, Francis Group, {\bf 1998}.
\bibitem{VA96.1} W.F. van Gunsteren, S.R. Billeter, A.A. Eising, P.H. H\"unenberger, P. Kr\"uger, A.E. Mark, W.R.P. Scott, I.G. Tironi, {\em Biomolecular simulation: The GROMOS96 manual and user guide.}; Verlag der Fachvereine, Z{\"u}rich, Switzerland, {\bf 1996}.
\bibitem{MA60.1} J.C. Maxwell, {\em Philos. Mag.} {\bf 1860}, {\em 19}, 19: V. Illustrations of the dynamical theory of gases. --- Part I. On the motions and collisions of perfectly elastic spheres.
\bibitem{EI05.1} A. Einstein, {\em Ann. Phys.} {\bf 1905}, {\em 322}, 549: \"Uber die von der molekularkinetischen Theorie der W\"arme geforderte Bewegung von in ruhenden Fl\"ussigkeiten suspendierten Teilchen.
\bibitem{HU07.7} J.D. Hunter, {\em Comput. Sci. Eng.} {\bf 2007}, {\em 9}, 90: Matplotlib: A 2D graphics environment.
\bibitem{CA81.1} S. Cabani, P. Gianni, P Mollica, L. Lepori, {\em J. Solut. Chem.} {\bf 1981}, {\em 10}, 563: Group contributions to the thermodynamic properties of non-ionic organic solutes in dilute aqueous solution.
\bibitem{BE85.3} H.J.C. Berendsen, J.P.M. Postma, W.F. van Gunsteren, Statistical mechanics and molecular dynamics: The calculation of free energy. In: {\em Molecular dynamics and protein structure (Proceedings Workshop 13-18 May 1984, at University of North Carolina).}; J. Hermans, Ed.; Polycrystal Book Service, P.O. Box 27, Western Springs, Illinois 60558, USA, {\bf 1985}; pp 43-46. 
\bibitem{ST86.1} T.P. Straatsma, H.J.C. Berendsen, J.P.M. Postma, {\em J. Chem. Phys.} {\bf 1986}, {\em 85}, 6720: Free energy of hydrophobic hydration: A molecular dynamics study of noble gases in water.
\bibitem{PE89.1} D.A. Pearlman, P.A. Kollman, {\em J. Chem. Phys.} {\bf 1989}, {\em 91}, 7831: The lag between the Hamiltonian and the system configuration in free energy perturbation calculations.
\bibitem{HE91.1} J. Hermans, {\em J. Phys. Chem.} {\bf 1991}, {\em 95}, 9029: Simple analysis of noise and hysteresis in (slow-growth) free energy simulations.
\bibitem{MA94.12} A.E. van Helden Mark, Smith S.P., Janssen P.E., van Gunsteren L.H.M., , {\em J. Am. Chem. Soc.} {\bf 1994}, {\em 116}, 6293: Convergence properties of free energy calculations: $\alpha$-cyclodextrin complexes as a case study.
\bibitem{JA97.3} C. Jarzynski, {\em Phys. Rev. Lett.} {\bf 1997}, {\em 78}, 2690: Nonequilibrium equality for free energy differences.
\bibitem{CR00.2} F.E. Crooks, {\em Phys. Rev. E} {\bf 2000}, {\em 61}, 2361: Path-ensemble averages in systems driven far from equilibrium.
\bibitem{HE01.4} D.A. Hendrix, C. Jarzynski, {\em J. Chem. Phys.} {\bf 2001}, {\em 114}, 5974: A "fast growth" method of computing free energy differences.
\bibitem{HU02.2} G. Hummer, {\em Mol. Simul.} {\bf 2002}, {\em 28}, 81: Fast-growth thermodynamic integration: Results for sodium ion hydration.
\bibitem{GA15.12} E. Gallicchio, J. Xia, W.F. Flynn, B. Zhang, S. Samlalsingh, A. Mentes, R.M. Levy, {\em Comput. Phys. Commun.} {\bf 2015}, {\em 196}, 236: Asynchronous replica exchange software for grid and heterogeneous computing.
\bibitem{XI15.7} J. Xia, W.F. Flynn, E. Gallicchio, B.W. Zhang, P. He, Z. Tan, R.M. Levy, {\em J. Comput. Chem.} {\bf 2015}, {\em 36}, 1772: Large-scale asynchronous and distributed multidimensional replica exchange molecular simulations and efficiency analysis.
\bibitem{MO11.3} J.A. Morrone, T.E. Markland, M. Ceriotti, B.J. Berne, {\em J. Chem. Phys.} {\bf 2011}, {\em 134}, 014103/1: Efficient multiple time scale molecular dynamics: Using colored noise thermostats to stabilize resonances.
\bibitem{MA16.24} D.T. Margul, M.E. Tuckerman, {\em J. Chem. Theory Comput.} {\bf 2016}, {\em 12}, 2170: A stochastic, resonance-free multiple time-step algorithm for polarizable models that permits very large time steps.
\bibitem{BA87.2} B. Baumann, {\em Nucl. Phys. B} {\bf 1987}, {\em 285}, 391: Noncanonical path and surface simulation.
\bibitem{BE91.6} B.A. Berg, T. Neuhaus, {\em Phys. Lett.} {\bf 1991}, {\em 267}, 249: Multicanonical algorithms for first order phase transitions.
\bibitem{BE92.1} B.A. Berg, T. Neuhaus, {\em Phys. Rev. Lett.} {\bf 1992}, {\em 68}, 9: Multicanonical ensemble: A new approach to simulate first-order phase transitions.
\bibitem{VI18.2} J.Z. Vilseck, K.A. Armacost, R.L. Hayes, G.B. Goh, C.L. Brooks III, {\em J. Phys. Chem. Lett.} {\bf 2018}, {\em 9}, 3328: Predicting binding free energies in a large combinatorial chemical space using multisite lambda dynamics.
\bibitem{TE84.1} B.L. Tembe, J.A. McCammon, {\em Comput. Chem.} {\bf 1984}, {\em 8}, 281: Ligand-receptor interactions.
\bibitem{MA18.15} M. Maurer, N. Hansen, C. Oostenbrink, {\em J. Comput. Chem.} {\bf 2018}, {\em 39}, 2226: Comparison of free-energy methods using a tripeptide-water model system.
\bibitem{HA19.1} F. Haber, {\em Ber. Dtsch. Physik. Ges.} {\bf 1919}, {\em 21}, 750: Betrachtungen zur Theorie der W\"armet\"onung.
\bibitem{CH06.1} M. Christen, A.-P.E. Kunz, W.F. van Gunsteren, {\em J. Phys. Chem. B} {\bf 2006}, {\em 110}, 8488: Sampling of rare events using hidden restraints.
\bibitem{CH08.2} M. Christen, A.-P.E. Kunz, W.F. van Gunsteren, {\em J. Phys. Chem. B} {\bf 2008}, {\em 112}, 11446: Erratum to: ``Sampling of rare events using hidden restraints'' [J. Phys. Chem. B 110, 8488-8498 (2006)].
\bibitem{PI07.2} S. Piana, A. Laio, {\em J. Phys. Chem. B} {\bf 2007}, {\em 111}, 4553: A bias-exchange approach to protein folding.
\bibitem{YA15.1} M. Yang, A.D. MacKerell Jr., {\em J. Chem. Theory Comput.} {\bf 2015}, {\em 11}, 788: Conformational sampling of oligosaccharides using Hamiltonian replica exchange with two-dimensional dihedral biasing potentials and the weighted histogram analysis method (WHAM).
\bibitem{YA15.4} M. Yang, J. Huang, A.D. McKerell Jr., {\em J. Chem. Theory Comput.} {\bf 2015}, {\em 11}, 2855: Enhanced conformational sampling using replica exchange with concurrent solute scaling and Hamiltonian biasing realized in one dimension.
\bibitem{LI05.5} P. Liu, B. Kim, R.A. Friesner, B.J. Berne, {\em Proc. Natl. Acad. Sci.} {\bf 2005}, {\em 102}, 13749: Replica exchange with solute tempering: A method for sampling biological systems in explicit water.
\bibitem{HU07.5} X. Huang, M. Hagen, B. Kim, R.A. Friesner, R. Zhou, B.J. Berne, {\em J. Phys. Chem. B} {\bf 2007}, {\em 111}, 5405: Replica exchange with solute tempering: Efficiency in large scale systems.
\bibitem{WA11.10} L. Wang, R.A. Friesner, B.J. Berne, {\em J. Phys. Chem. B} {\bf 2011}, {\em 115}, 9431: Replica exchange with solute scaling: A more efficient version of replica exchange with solute tempering (REST2).
\bibitem{WA11.11} L. Wang, R.A. Friesner, B.J. Berne, {\em J. Phys. Chem. B} {\bf 2011}, {\em 115}, 11305: Erratum to ``Replica exchange with solute scaling: A more efficient version of replica exchange with solute tempering (REST2)'' [J. Phys. Chem. B 115, 9431-9438 (2011)].
\bibitem{TA94.2} J.R. Tame, G.N. Murshudov, E.J. Dodson, T.K. Neil, G.G. Dodson, C.F. Higgins, A.J. Wilkinson, {\em Science} {\bf 1994}, {\em 264}, 1578: The structural basis of sequence-independent peptide binding by OppA protein.
\bibitem{TA95.2} J.R. Tame, E.J. Dodson, G.N. Murshudov, C.F. Higgins, A.J. Wilkinson, {\em Structure} {\bf 1995}, {\em 3}, 1395: The crystal structures of the oligopeptide-binding protein OppA complexed with tripeptide and tetrapeptide ligand.
\bibitem{DA99.7} T.G. Davies, R.E. Hubbard, J.R. Tame, {\em Protein Sci.} {\bf 1999}, {\em 8}, 1432: Relating structure to thermodynamics: the crystal structures and binding affinity of eight OppA-peptide complexes.
\bibitem{SL99.2} S.H. Sleigh, P.R. Seavers, A.J. Wilkinson, J.E. Ladbury, J.R.H Tame, {\em J. Mol. Biol.} {\bf 1999}, {\em 291}, 393: Crystallographic and calorimetric analysis of peptide binding to OppA protein.
\bibitem{WA02.6} A. Warshel, {\em Acc. Chem. Res.} {\bf 2002}, {\em 35}, 385: Molecular dynamics simulations of biological reactions.
\bibitem{MA16.25} M. Maurer, S.B.A. de Beer, C. Oostenbrink, {\em Molecules} {\bf 2016}, {\em 21}, 499/1: Calculation of relative binding free energy in the water-filled active site of oligopeptide-binding protein A.
\bibitem{SE16.8} M. Serpi, V. Ferrari, F. Pertusati, {\em J. Med. Chem.} {\bf 2016}, {\em 59}, 10343: Nucleoside derived antibiotics to fight microbial drug resistance: New utilities for an established class of drugs.
\bibitem{LA05.5} T. L\"appchen, A.F. Hartog, V.A. Pinas, G.-J. Koomen, T. den Blaauwen, {\em Biochemistry} {\bf 2005}, {\em 44}, 7879: GTP analogue inhibits polymerization and GTPase activity of the bacterial protein FtsZ without affecting its eukaryotic homologue tubuli.
\bibitem{LA08.7} T. L\"appchen, V.A. Pinas, A.F. Hartog, G.-J. Koomen, C. Andreu Schaffner-Barbero, Trambaiolo J.M., L\"owe D., Juhem J., Popov A., T. A.V. den Blaauwen, {\em Chem. \& Biol.} {\bf 2008}, {\em 15}, 189: Probing FtsZ and tubulin with C8-substituted GTP analogs reveals differences in their nucleotide binding sites.
\bibitem{MA13.28} F. Marcelo, S. Huecas, L.B. Ruiz-\'Avila, F.J. Ca\~{n}ada, A. Perona, A. Poveda, S. Mart\'in-Santamar\'ia, A. Morreale, J. Jim\'inez-Barbero, J.M. Andreu, {\em J. Am. Chem. Soc.} {\bf 2013}, {\em 135}, 16418: Interactions of bacterial cell division protein FtsZ with C8-substituted guanine nucleotide inhibitors. A combined NMR, biochemical and molecular modeling perspectiv.
\bibitem{ST84.2} R. Stolarski, C.-E. Hagberg, D. Shugar, {\em Eur. J. Biochem.} {\bf 1984}, {\em 138}, 187: Studies on the dynamic syn‐anti equilibrium in purine nucleosides and nucleotides with the aid of $^1$H and $^13$C NMR spectroscop.
\bibitem{BR07.8} I.N. Bronshtein, L.A. Semendyayev, G. Musiol, H. M\"uhlig, {\em Handbook of Mathematics Edition 5.}; Springer Berlin Heidelberg, {\bf 2007}.
\bibitem{LI05.1} R.D. Lins, P.H. H\"unenberger, {\em J. Comput. Chem.} {\bf 2005}, {\em 26}, 1400: A new GROMOS force field for hexopyranose-based carbohydrates.
\bibitem{ST09.2} J.W. Steed, J.L. Atwood, {\em Supramolecular Chemistry. Edition 2.}; John Wiley \& Sons, Chichester, UK, {\bf 2009}.
\bibitem{KE03.4} D. Kern, E.R.P. Zuiderweg, {\em Curr. Opin. Struct. Biol.} {\bf 2003}, {\em 13}, 748: The role of dynamics in allosteric regulation.
\bibitem{MC11.1} J.D. McGeagh, K.E. Ranaghan, A.J. Mulholland, {\em Biochim. Biophys. Acta} {\bf 2011}, {\em 1814}, 1077: Protein dynamics and enzyme catalysis: Insights from simulation.
\bibitem{SO10.3} G.A. Somorjai, Y. Li, {\em Introduction to surface chemistry and catalysis.}; John Wiley \& Sons, Hoboken, New Jersey, {\bf 2010}.
\bibitem{BO96.5} R.S. Bohacek, C. McMartin, W.C. Guida, {\em Med. Res. Rev.} {\bf 1996}, {\em 16}, 3: The art and practice of structure-based drug design: A molecular modeling perspective.
\bibitem{BO00.9} N. Bodor, P. Buchwald, {\em Med. Res. Rev.} {\bf 2000}, {\em 20}, 58: Soft drug design: General principles and recent application.
\bibitem{VA90.1} W.F. van Gunsteren, H.J.C. Berendsen, {\em Angew. Chem. Int. Ed.} {\bf 1990}, {\em 29}, 992: Computer simulation of molecular dynamics: Methodology, applications and perspectives in chemistry.
\bibitem{VA06.1} W.F. van Gunsteren, D. Bakowies, R. Baron, I Chandrasekhar, M. Christen, X. Daura, P. Gee, D.P. Geerke, A. Gl\"attli, P.H. H\"unenberger, M.A. Kastenholz, C. Oostenbrink, M. Schenk, D. Trzesniak, N.F.A. van der Vegt, H.B. Yu, {\em Angew. Chem. Int. Ed.} {\bf 2006}, {\em 45}, 4064: Biomolecular modelling: goals, problems, perspectives.
\bibitem{GI97.1} M.K. Gilson, J.A. Given, B.L. Bush, J.A. McCammon, {\em Biophys. J.} {\bf 1997}, {\em 72}, 1047: The statistical thermodynamic basis for computation of binding-affinities. A critical review.
\bibitem{SH00.2} S. Shobana, B. Roux, O.S. Andersen, {\em J. Phys. Chem. B} {\bf 2000}, {\em 104}, 5179: Free energy simulations: Thermodynamic reversibility and variability.
\bibitem{DE11.8} D.H. de Jong, L. Sch\"afer, A.H. de Vries, S.J. Marrink, H.J.C. Berendsen, H. Grubm\"uller, {\em J. Comput. Chem.} {\bf 2011}, {\em 32}, 1919: Determining equilibrium constants for dimerization reactions from molecular dynamics simulations.
\bibitem{VA89.4} J. van Eerden, W.J. Briels, S. Harkema, D. Feil, {\em Chem. Phys. Lett.} {\bf 1989}, {\em 164}, 370: Potential of mean force by thermodynamic integration: Molecular-dynamics simulation of decomplexation.
\bibitem{VA77.3} J.P. Valleau, S.G. Whittington, A guide to Monte Carlo for statistical mechanics: 2. Byways. In: {\em Modern theoretical chemistry. Volume 5.}; B.J. Berne, Ed.; Plenum Press, New York, USA, {\bf 1977}; pp 169-194. 
\bibitem{GA05.5} E. Gallicchio, M. Andrec, A.K. Felts, R.M. Levy, {\em J. Phys. Chem. B} {\bf 2005}, {\em 109}, 6722: Temperature weighted histogram analysis method, replica exchange, and transition paths.
\bibitem{FE88.3} A.M. Ferrenberg, R.H. Swendsen, {\em Phys. Rev. Lett.} {\bf 1988}, {\em 61}, 2635: New Monte Carlo technique for studying phase transitions.
\bibitem{FE98.1} M. Feig, B.M. Pettitt, {\em Biopolymers} {\bf 1998}, {\em 48}, 199: A molecular simulation picture of DNA hydration around A- and B-DNA.
\bibitem{KU92.1} S. Kumar, D. Bouzida, R.H. Swendsen, P.A. Kollman, J.M. Rosenberg, {\em J. Comput. Chem.} {\bf 1992}, {\em 13}, 1011: The weighted histogram analysis method for free-energy calculations on biomolecules. I. The Method.
\bibitem{RO95.3} B. Roux, {\em Comput. Phys. Commun.} {\bf 1995}, {\em 91}, 275: The calculation of the potential of mean force using computer simulation.
\bibitem{SA09.15} S. Sakuraba, A. Kitao, {\em J Comput Chem} {\bf 2009}, {\em 30}, 1850–1858: Multiple Markov transition matrix method: Obtaining the stationary probability distribution from multiple simulations.
\bibitem{WU14.3} H. Wu, F. No'e, {\em Multiscale Model. Simul.} {\bf 2014}, {\em 12}, 25–54: Optimal estimation of free energies and stationary densities from multiple biased simulations.
\bibitem{WU14.1} H. Wu, A.S.J.S. Mey, E. Rosta, F. No\'e, {\em J. Chem. Phys.} {\bf 2014}, {\em 141}, 214106/1: Statistically optimal analysis of state-discretized trajectory data from multiple thermodynamic states.
\bibitem{ME14.6} A.S.J.S. Mey, H. Wu, F. No\'e, {\em Phys. Rev. X} {\bf 2014}, {\em 4}, 041018/1: xTRAM: Estimating equilibrium expectations from time-correlated simulation data at multiple thermodynamic states.
\bibitem{WU16.3} H. Wu, F. Paul, C. Wehmeyer, F. No\'e, {\em Proc. Natl. Acad. Sci. USA} {\bf 2016}, {\em 113}, E3221: Multiensemble Markov models of molecular thermodynamics and kinetics.
\bibitem{RO15.11} E. Rosta, G. Hummer, {\em J. Chem. Theory Comput.} {\bf 2015}, {\em 11}, 276: Free energies from dynamic weighted histogram analysis using unbiased Markov state model.
\bibitem{ST17.8} L.S. Stelzl, A. Kells, E. Rosta, G. Hummer, {\em J. Chem. Theory Comput.} {\bf 2017}, {\em 13}, 6328: Dynamic histogram analysis to determine free energies and rates from biased simulations.
\bibitem{BO96.1} S. Boresch, M. Karplus, {\em J. Chem. Phys.} {\bf 1996}, {\em 105}, 5145: The Jacobian factor in free energy simulations.
\bibitem{WA94.1} L. Wang, J. Hermans, {\em J. Chem. Phys.} {\bf 1994}, {\em 100}, 9129: Change of bond lengths in free-energy simulations: Algorithmic improvements, but when is it necessary.
\bibitem{WA06.1} J. Wang, Y. Deng, B. Roux, {\em Biophys. J.} {\bf 2006}, {\em 91}, 2798: Absolute binding free energy calculations using molecular dynamics simulations with restraining potentials.
\bibitem{BO03.3} S. Boresch, F. Tettinger, M. Leitgeb, M. Karplus, {\em J. Phys. Chem. B} {\bf 2003}, {\em 107}, 9535: Absolute binding free energies: A quantitative approach for their calculation.
\bibitem{DE06.3} Y. Deng, B. Roux, {\em J. Chem. Theory Comput.} {\bf 2006}, {\em 2}, 1255: Calculation of standard binding free energies: Aromatic molecules in the T4 lysozyme L99A mutant.
\bibitem{RO13.2} G.J. Rocklin, S.E. Boyce, M. Fischer, I. Fish, D.L. Mobley, B.K. Stoichet, K.A. Dill, {\em J. Mol. Biol.} {\bf 2013}, {\em 425}, 4569: Blind prediction of charged ligand binding affinities in a model binding site.
\bibitem{RO13.3} G.J. Rocklin, D.L. Mobley, K.A. Dill, P.H. H\"unenberger, {\em J. Chem. Phys.} {\bf 2013}, {\em 139}, 184103/1: Calculating the binding free energies of charged species based on explicit-solvent simulations employing lattice-sum methods: An accurate correction scheme for electrostatic finite-size effects.
\bibitem{ZH12.18} F. Zhu, G. Hummer, {\em J. Comput. Chem.} {\bf 2012}, {\em 33}, 453: Convergence and error estimation in free energy calculations using the weighted histogram analysis method.
\bibitem{HA19.3} D.F. Hahn, G. K\"onig, P.H. H\"unenberger, {\em J. Chem. Theory Comput.} {\bf 2019}, {\em XXX}, XXX: Overcoming orthogonal barriers in alchemical free-energy calculations: On the relative merits of $\lambda$-variations, $\lambda$-extrapolations, and biasing.
\bibitem{KO11.5} H. Kokubo, T. Tanaka, Y. Okamoto, {\em J. Comput. Chem.} {\bf 2011}, {\em 32}, 2810: {\em Ab initio} prediction of protein-ligand binding structures by replica-exchange umbrella sampling simulations.
\bibitem{JI12.2} H. Jiang, L. Maragliano, B. Roux, {\em J. Chem. Theory Comput.} {\bf 2012}, {\em 8}, 4672: Calculation of free energy landscape in multi-dimensions with Hamiltonian exchange umbrella sampling on petascale supercomputer.
\bibitem{DA13.1} D.S. Dashti, A.E. Roitberg, {\em J. Chem. Theory Comput.} {\bf 2013}, {\em 9}, 4692: Optimization of umbrella sampling replica exchange molecular dynamics by replica positioning.
\bibitem{PA13.3} S. Park, W. Im, {\em J. Chem. Theory Comput.} {\bf 2013}, {\em 9}, 13: Two dimensional window exchange umbrella sampling for transmembrane helix assembly.
\bibitem{PE67.1} C.J. Pedersen, {\em J. Am. Chem. Soc.} {\bf 1967}, {\em 89}, 7017: Cyclic polyether and their complexes with metal salts.
\bibitem{GO83.1} G.W. Gokel, D.M. Goli, C. Minganti, L.Contribution from Echegoyen, {\em J. Am. Chem.} {\bf 1983}, {\em Soc.}, 105: Clarification of the hole-size cation-diameter relationship in crown ethers and a new method for determining calcium cation homogeneous equilibrium binding constants.
\bibitem{BE80.2} G.D. Beresford, J.F. Stoddart, {\em Tetrahedron Lett.} {\bf 1980}, {\em 21}, 867: The synthesis and complexing properties of oxo-12-crown-3 and 18-crown-5.
\bibitem{LA80.1} J.D. Lamb, R.M. Izatt, C.S. Swain, J.J. Christensen, {\em J. Am. Chem.} {\bf 1980}, {\em Soc.}, 102: A systematic study of the effect macrocyle ring size and donor atom type on the log $K$, $\Delta H$, and $T\Delta S$ of reactions at 25$^\circ$C in methanol of mono- and divalent cations with crown ethers.
\bibitem{SM80.1} A.J. Smetana, A.I. Popov, {\em J. Sol. Chem.} {\bf 1980}, {\em 8}, 183: Lithium-7 nuclear magnetic resonance and calorimetric study of lithium crown complexes in various solvents.
\bibitem{AR03.1} F. Arnaud-Neu, R. Delgado, S. Chaves, {\em Pure Appl. Chem.} {\bf 2003}, {\em 75}, 71: Critical evaluation of stability constants and thermodynamic functions of metal complexes of crown ethers.
\bibitem{IZ76.1} R.M. Izatt, R.E. Terry, B.L. Haymore, L.D. Hansen, N.K. Dalley, A.G. Ayondet, J.J. Christensen, {\em Chem. Rev.} {\bf 1976}, {\em 85}, 271: Calorimetric titration study of the interaction of several uni- and bivalent cations with 15-crown-5, 18-crown-6, and two isomers of dicyclohexo-18-crown-6 in aqueous solution at 25$^\circ$C and $\mu=0.1$.
\bibitem{HO79.1} H. Hoiland, J.A. Ringseth, T.S. Brun, {\em J. Sol.} {\bf 1979}, {\em Chem.}, 8: Cation-crown ether complex formation in water. II. Alkali and alkaline earth cations and 12-crown-4, 15-crown-5, and 18-crown-6.
\bibitem{TH94.1} M.A. Thompson, E.D. Glendening, D. Feller, {\em J. Phys. Chem.} {\bf 1994}, {\em 98}, 10465: The nature of K$^+$/crown ether interactions: A hybrid quantum mechanical-molecular mechanical study.
\bibitem{DA95.3} L.X. Dang, P.A. Kollman, {\em J. Phys. Chem.} {\bf 1995}, {\em 99}, 55: Free energy of association of the K$^+$:18-crown-6 complex in water: A new molecular dynamics study.
\bibitem{DA95.2} L.X. Dang, {\em J. Am. Chem. Soc.} {\bf 1995}, {\em 117}, 6954: Mechanism and thermodynamics of ion selectivity in aqueous solutions of 18-crown-6 ether: A molecular-dynamics study.
\bibitem{MA10.23} B. Mart\'inez-Haya, P. Hurtado, A.R. Hortal, S. Hamad, J.D Steill, J. Oomens, {\em J. Phys. Chem. A} {\bf 2010}, {\em 114}, 7048: Emergence of symmetry and chirality in crown ether complexes with alkali metal cations.
\bibitem{CO08.4} B. Cooke, S.C. Schmidler, {\em J. Chem. Phys.} {\bf 2008}, {\em 129}, 164112/1: Preserving the Boltzmann ensemble in replica-exchange molecular dynamics.
\bibitem{FU10.5} I. Fukuda, {\em J. Chem. Phys.} {\bf 2010}, {\em 132}, 127101/1: Comment on ``Preserving the Boltzmann ensemble in replica-exchange molecular dynamics'' [J. Chem. Phys. 129 (2008) 164112.
\bibitem{RO09.1} E. Rosta, N.-V. Buchete, G. Hummer, {\em J. Chem. Theory Comput.} {\bf 2009}, {\em 5}, 1393: Thermostat artifacts in replica exchange molecular dynamics simulations.
\bibitem{LI15.6} Z. Lin, W.F. van Gunsteren, {\em J. Chem. Phys.} {\bf 2015}, {\em 143}, 034110/1: On the use of a weak-coupling thermostat in replica-exchange molecular dynamics simulations.
\bibitem{BA08.12} J.E. Basner, C. Jarzynski, {\em J. Phys. Chem. B} {\bf 2008}, {\em 112}, 12722: Binless estimation of the potential of mean force.
\bibitem{ZH15.12} B.W. Zhang, J. Xia, Z. Tan, R.M. Levy, {\em J. Phys. Chem. Lett.} {\bf 2015}, {\em 6}, 3834: A stochastic solution to the unbinned WHAM equations.
\bibitem{TA16.6} Z. Tan, J. Xia, B.W. Zhang, R.M. Levy, {\em J. Chem. Phys.} {\bf 2016}, {\em 144}, 034107/1: Locally weighted histogram analysis and stochastic solution for large-scale multi-state free energy estimation.
\bibitem{KA06.1} M.A. Kastenholz, T.U. Schwartz, P.H. H\"unenberger, {\em Biophys. J.} {\bf 2006}, {\em 91}, 2976: The transition between the B and Z conformations of DNA investigated by targeted molecular dynamics simulations with explicit solvation.
\bibitem{LE13.2} T.-S. Lee, B.K. Radak, A. Pabis, D.M. York, {\em J. Chem. Theory Comput.} {\bf 2013}, {\em 9}, 153: A new maximum likelihood approach for free energy profile construction from molecular simulations.
\bibitem{LE14.3} T.-S. Lee, B.K. Radak, M. Huang, K.-Y. Wong, D.M. York, {\em J. Chem. Theory Comput.} {\bf 2014}, {\em 10}, 24: Roadmaps through free energy landscapes calculated using the multidimensional vFEP approach.
\bibitem{KA11.5} J. K\"astner, {\em WIREs Comput. Mol. Sci.} {\bf 2011}, {\em 1}, 932: Umbrella sampling.
\bibitem{GE10.4} I. General, {\em J. Chem. Theory Comput.} {\bf 2010}, {\em 6}, 2520: A note on the standard state's binding free energy.
\bibitem{PR17.3} P. Procacci, R. Chelli, {\em J. Chem. Theory Comput.} {\bf 2017}, {\em 13}, 1924: Statistical mechanics of ligand-receptor noncovalent association, revisited: Binding site and standard state volumes in modern alchemical theories.
\bibitem{FU12.1} P.F.J. Fuchs, H.S. Hansen, P.H. H\"unenberger, B.A.C. Horta, {\em J. Chem. Theory Comput.} {\bf 2012}, {\em 8}, 3943: A GROMOS parameter set for vicinal diether functions: properties polyethyleneoxide and polyethyleneglycol.
\bibitem{RE11.3} M.M. Reif, P.H. H\"unenberger, {\em J. Chem. Phys.} {\bf 2011}, {\em 134}, 144104/1: Computation of methodology-independent single-ion solvation properties from molecular simulations. IV. Optimized Lennard-Jones parameter sets for the alkali and halide ions in water.
\bibitem{HU11.1} P.H. H\"unenberger, M.M. Reif, {\em Single-ion solvation: Experimental and theoretical approaches to elusive thermodynamic quantities. Edition 1, ISBN: 978-1-84755-187-0.}; Royal Society of Chemistry (Theoretical and Computational Chemistry Series), London, UK, {\bf 2011}.
\bibitem{HO18.1} T.S. Hofer, P.H. H\"unenberger, {\em J. Chem. Phys.} {\bf 2018}, {\em 148}, 222814/1: Absolute proton hydration free energy, surface potential of water, and redox potential of the hydrogen electrode from first principles: QM/MM MD free-energy simulations of sodium and potassium hydration.
\bibitem{PR18.4} N. Prasetyo, P.H. H\"unenberger, T. Hofer, {\em J. Chem. Theory Comput.} {\bf 2018}, {\em 14}, 6443: Single-ion thermodynamics from first principles: Calculation of the absolute hydration free energy and single-electrode potential of aqueous Li$^+$ using {\em ab initio} quantum mechanical/molecular mechanical molecular dynamics simulations.
\bibitem{GE04.1} D.P. Geerke, C. Oostenbrink, N.F.A. van der Vegt, W.F. van Gunsteren, {\em J. Phys. Chem. B} {\bf 2004}, {\em 108}, 1436: An effective force field for molecular dynamics simulations of dimethyl sulfoxide and dimethyl sulfoxide-water mixtures.
\bibitem{WA00.1} R. Walser, A.E. Mark, W.F. van Gunsteren, M. Lauterbach, G. Wipff, {\em J. Chem. Phys.} {\bf 2000}, {\em 112}, 10450: The effect of force-field parameters on properties of liquids: Parametrization of a simple three-site model for methanol.
\bibitem{TO08.1} T. Todorova, P.H. H\"unenberger, J. Hutter, {\em J. Chem. Theory Comput.} {\bf 2008}, {\em 4}, 779: Car-Parrinello molecular dynamics simulations of CaCl$_2$ aqueous solutions.
\bibitem{RE14.1} M.M. Reif, C. Oostenbrink, {\em J. Comput. Chem.} {\bf 2014}, {\em 35}, 227: Net charge changes in the calculation of relative ligand-binding free energies {\em via} classical atomistic molecular dynamics simulations.
\bibitem{LI99.3} D.R. Lide, {\em CRC Handbook of Chemistry and Physics. Edition 80.}; CRC Press, Boca Raton, Florida, {\bf 1999}.
\bibitem{RI86.1} M. Rigby, E.B. Smith, W.A. Wakeham, G.C. Maitland, {\em The forces between molecules.}; Clarendon Press, Oxford, UK, {\bf 1986}.
\bibitem{GR54.1} M.S. Green, {\em J. Chem. Phys.} {\bf 1954}, {\em 22}, 398: Markoff random processes and the statistical mechanics of time-dependent phenomena II: Irreversible processes in fluids.
\bibitem{KU57.1} R. Kubo, {\em J. Phys. Soc. Jpn.} {\bf 1957}, {\em 12}, 570: Statistical-mechanical theory of irreversible processes I: General theory and simple applications to magnetic and conduction problems.
\bibitem{NA79.1} O. Nagano, {\em Acta Cryst. B} {\bf 1979}, {\em 35}, 465: Structure of the potassium molybdate complex of 1,4,7,10,13,16-hexaoxacyclooctadecane (18-crown-6).
\bibitem{PE13.7} D. Petrov, C. Margreitter, M. Grandits, C. Oostenbrink, B. Zagrovic, {\em PLOS Comput. Biol.} {\bf 2013}, {\em 9}, e1003154/1: A systematic framework for molecular dynamics simulations of protein post-translational modifications.
\bibitem{RE17.7} A. Renevey, S. Riniker, {\em Eur. Biophys. J.} {\bf 2017}, {\em 25}, 363: The importance of N-methylations for the stability of the $\beta^{6.3}$-helical conformation of polytheonamide B.
\bibitem{MA11.10} A.K. Malde, L. Zuo, M. Breeze, M. Stroet, D. Poger, P.C. Nair, C. Oostenbrink, A.E. Mark, {\em J. Chem. Theory Comput.} {\bf 2011}, {\em 7}, 4026: An automated force field topology builder (ATB) and repository: version 1.0.
\bibitem{KA06.7} J. K\"astner, H.M. Senn, S. Thiel, N. Otte, W. Thiel, {\em J. Chem. Theory Comput.} {\bf 2006}, {\em 2}, 452: QM/MM free-energy perturbation compared to thermodynamic integration and umbrella sampling: Application to an enzymatic reaction.
% CLOSE BRACKET FROM SMALL PRINTING
% AND INSERT A FREE LINE SO THAT THE NARROW LINESPACING STILL APPLIES TO THE LAST REF ...

}
