@article{Abraham2015,
 author = {Abraham, Mark J. and Murtola,Teemu and  Schulz, Roland and  Pall, Szil\'ard and Smith, Jeremy C. and Hess, Berk and Lindahl, Erik},
 journal = {SoftwareX.},
 pages = {19--25},
 title = {Gromacs: High Performance Molecular Simulations Through Multi-Level Parallelism From Laptops to Supercomputers},
 volume = {1-2},
 year = {2015}
}

@article{Aldeghi2016,
 author = {Aldeghi, Matteo and Heifetz, Alexander and Bodkin, Michael J. and Knapp, Stefan and Biggin, Philip C.},
 journal = {Chem. Sci.},
 pages = {207--218},
 title = {Accurate Calculation of the Absolute Free Energy of Binding for Drug Molecules},
 volume = {7},
 year = {2016}
}

@article{Armacost2020,
 author = {Armacost, Kira A. and Riniker, Sereina and Cournia, Zoe},
 journal = {J. Chem. Inf. Model.},
 pages = {1--5},
 title = {Novel Directions in Free Energy Methods and Applications},
 volume = {60},
 year = {2020}
}

@article{Barros2022,
 author = {P. Barros, Emilia and Ries, Benjamin and B\"oselt, Lennard and Champion, Candide and Riniker, Sereina},
 journal = {Curr. Opin. Struct. Biol.},
 pages = {55--62},
 title = {Recent Developments in Multiscale Free Energy Simulations},
 volume = {72},
 year = {2022}
}

@article{Bennett1976,
 author = {Bennett, Charles H},
 journal = {J. Comput. Phys.},
 pages = {245--268},
 title = {Efficient Estimation of Free Energy Differences From Monte Carlo Data},
 volume = {22},
 year = {1976}
}

@inbook{Berendsen1981,
 author = {H. J. C. Berendsen and J. P. M. Postma and W. F. van Gunsteren and J. Hermans},
 booktitle = {Intermolecular Forces},
 pages = {331--342},
 publisher = {Reidel},
 title = {Interaction Models for Water in Relation to Protein Hydration},
 year = {1981}
}

@article{Bieler2015,
 author = {Bieler, Noah S. and Tschopp, Jan P. and H\"unenberger, Philippe H.},
 journal = {J. Chem. Theory. Comput.},
 pages = {2575--2588},
 title = {Multistate $\Lambda$-Local-Elevation Umbrella-Sampling (MS-$\Lambda$-LEUS): Method and Application to the Complexation of Cations by Crown Ethers},
 volume = {11},
 year = {2015}
}

@article{Bieler2015B,
 author = {Bieler, Noah S. and H\"unenberger, Philippe H.},
 journal = {J. Chem. Theory. Comput.},
 pages = {1686--1697},
 title = {Orthogonal Sampling in Free-Energy Calculations of Residue Mutations in a Tripeptide: TI Versus $\Lambda$-Leus},
 volume = {36},
 year = {2015}
}

@article{Boresch1999,
 author = {Boresch, Stefan and Karplus, Martin},
 journal = {J. Phys. Chem. A.},
 pages = {119--136},
 title = {The Role of Bonded Terms in Free Energy Simulations. 2. Calculation of Their Influence on Free Energy Differences of Solvation},
 volume = {103},
 year = {1999}
}

@article{Boresch1999B,
 author = {Boresch, Stefan and Karplus, Martin},
 journal = {J. Phys. Chem. A.},
 pages = {103--118},
 title = {The Role of Bonded Terms in Free Energy Simulations: 1. Theoretical Analysis},
 volume = {103},
 year = {1999}
}

@article{Carvalho2021,
 author = {Carvalho Martins, Luan and Cino, Elio A. and Ferreira, Rafaela Salgado},
 journal = {J. Chem. Theory. Comp.},
 pages = {4262--4273},
 title = {PyAutoFEP: An Automated Free Energy Perturbation Workflow for GROMACS Integrating Enhanced Sampling Methods},
 volume = {17},
 year = {2021}
}

@article{Christ2007,
 author = {Christ, Clara D. and {van Gunsteren}, Wilfred F.},
 journal = {J. Chem. Phys.},
 pages = {184110},
 title = {Enveloping Distribution Sampling: A Method to Calculate Free Energy Differences From a Single Simulation},
 volume = {126},
 year = {2007}
}

@article{Christ2008,
 author = {Christ, Clara D. and van Gunsteren, Wilfred F.},
 journal = {J. Chem. Phys.},
 pages = {174112},
 title = {Multiple Free Energies From a Single Simulation: Extending Enveloping Distribution Sampling to Nonoverlapping Phase-Space Distributions},
 volume = {128},
 year = {2008}
}

@article{Christ2009,
 author = {Christ, Clara D and Mark, Alan E and van Gunsteren, Wilfred F},
 journal = {J. Comput. Chem.},
 pages = {1569--1582},
 title = {Basic Ingredients of Free Energy Calculations: A Review},
 volume = {31},
 year = {2009}
}

@article{Christ2009A,
 author = {Christ, Clara D. and van Gunsteren, Wilfred F.},
 journal = {J. Chem. Theory. Comput.},
 pages = {276--286},
 title = {Simple, Efficient, and Reliable Computation of Multiple Free Energy Differences From a Single Simulation: A Reference Hamiltonian Parameter Update Scheme for Enveloping Distribution Sampling (EDS)},
 volume = {5},
 year = {2009}
}

@article{Christ2014,
 author = {Christ, Clara D. and Fox, Thomas},
 journal = {J. Chem. Inf. Model.},
 pages = {108--120},
 title = {Accuracy Assessment and Automation of Free Energy Calculations for Drug Design},
 volume = {54},
 year = {2014}
}

@article{Cournia2017,
 author = {Cournia, Zoe and Allen, Bryce and Sherman, Woody},
 journal = {J. Chem. Inf. Model.},
 pages = {2911--2937},
 title = {Relative Binding Free Energy Calculations in Drug Discovery: Recent Advances and Practical Considerations},
 volume = {57},
 year = {2017}
}

@article{Cournia2020,
 author = {Cournia, Zoe and Allen, Bryce K. and Beuming, Thijs and Pearlman, David A. and Radak, Brian K. and Sherman, Woody},
 journal = {J. Chem. Inf. Model.},
 pages = {4153--4169},
 title = {Rigorous Free Energy Simulations in Virtual Screening},
 volume = {60},
 year = {2020}
}

@article{Damodaran2001,
 author = {Damodaran, K. V. and Banba, Shinichi and Brooks, Charles L.},
 journal = {J. Phys. Chem.},
 pages = {9316--9322},
 title = {Application of Multiple Topology $\Lambda$-Dynamics to a Host-Guest System: $\Beta$-Cyclodextrin With Substituted Benzenes},
 volume = {105},
 year = {2001}
}

@misc{Delano2020,
 author = {Schrodinger, LLC and Warren DeLano},
 date = {2020-05-20},
 title = {PyMOL},
 url = {http://www.pymol.org/pymol},
 version = {2.4.0}
}

@article{Donnini2011,
 author = {Donnini, Serena and Tegeler, Florian and Groenhof, Gerrit and Grubm\"uller, Helmut},
 journal = {J. Chem. Theory. Comput.},
 pages = {1962--1978},
 title = {Constant pH Molecular Dynamics in Explicit Solvent With $\Lambda$-Dynamics},
 volume = {7},
 year = {2011}
}

@article{Donnini2016,
 author = {Donnini, Serena and Ullmann, R. Thomas and Groenhof, Gerrit and Grubm{\"{u}}ller, Helmut},
 journal = {J. Chem. Theory. Comput.},
 pages = {1040--1051},
 title = {Charge-Neutral Constant pH Molecular Dynamics Simulations Using a Parsimonious Proton Buffer},
 volume = {12},
 year = {2016}
}

@article{Eichenberger2011,
 author = {A. P. Eichenberger and J. R. Allison and J. Dolenc and D. P. Geerke and B. A. C. Horta and K. Meier and C. Oostenbrink and N. Schmid and D. Steiner and D. Wang and W. F. van Gunsteren},
 journal = {J. Chem. Theory. Comput.},
 pages = {3379--3390},
 title = {The GROMOS++ Software for the Analysis of Biomolecular Simulation Trajectories},
 volume = {7},
 year = {2011}
}

@article{Eriksson1995,
 author = {Eriksson, Mats A.L.  and Nilsson, Lennart},
 journal = {J. Mol. Biol.},
 pages = {453--472},
 title = {Structure, Thermodynamics and Cooperativity of the Glucocorticoid Receptor DNA-binding Domain in Complex With Different Response Elements. Molecular Dynamics Simulation and Free Energy Perturbation Studies},
 volume = {253},
 year = {1995}
}

@article{Fleck2021,
 author = {Fleck, Markus and Wieder, Marcus and Boresch, Stefan},
 journal = {J. Chem. Theory. Comp.},
 pages = {4403--4419},
 title = {Dummy Atoms in Alchemical Free Energy Calculations},
 volume = {17},
 year = {2021}
}

@article{Gao1989,
 author = {Gao, J and Kuczera, K and Tidor, B and Karplus, M},
 journal = {Science.},
 pages = {1069--1072},
 title = {Hidden Thermodynamics of Mutant Proteins: A Molecular Dynamics Analysis},
 volume = {244},
 year = {1989}
}

@article{Gao2018,
 author = {Gao, Ying-Duo
and Hu, Yuan
and Crespo, Alejandro
and Wang, Deping
and Armacost, Kira A.
and Fells, James I.
and Fradera, Xavier
and Wang, Hongwu
and Wang, Huijun
and Sherborne, Brad
and Verras, Andreas
and Peng, Zhengwei},
 journal = {J. Comput. Aided. Mol.},
 pages = {129--142},
 title = {Workflows and Performances in the Ranking Prediction of 2016 D3R Grand Challenge 2: Lessons Learned From a Collaborative Effort},
 volume = {32},
 year = {2018}
}

@article{Gapsys2015,
 author = {Gapsys, Vytautas and Michielssens, Servaas and Seeliger, Daniel and de Groot, Bert L.},
 journal = {J. Comput. Chem.},
 pages = {348--354},
 title = {Pmx: Automated Protein Structure and Topology Generation for Alchemical Perturbations},
 volume = {36},
 year = {2015}
}

@article{Gapsys2020,
 author = {Gapsys, Vytautas and P\'erez-Benito, Laura and Aldeghi, Matteo and Seeliger, Daniel and van Vlijmen, Herman and Tresadern, Gary and de Groot, Bert L.},
 journal = {Chem. Sci.},
 pages = {1140--1152},
 title = {Large Scale Relative Protein Ligand Binding Affinities Using Non-Equilibrium Alchemy},
 volume = {11},
 year = {2020}
}

@article{Guthrie2009,
 author = {Guthrie, J Peter},
 journal = {J. Phys. Chem. B.},
 pages = {4501--4507},
 title = {A Blind Challenge for Computational Solvation Free Energies: Introduction and Overview},
 volume = {113},
 year = {2009}
}

@article{Guthrie2014,
 author = {Guthrie, J Peter},
 journal = {J. Comput. Aided.},
 pages = {151--168},
 title = {SAMPL4, a Blind Challenge for Computational Solvation Free Energies: The Compounds Considered},
 volume = {28},
 year = {2014}
}

@article{Hansmann1997,
 author = {Hansmann, Ulrich H E},
 journal = {Chem. Phys. Lett.},
 pages = {140--150},
 title = {Parallel Tempering Algorithm for Conformational Studies of Biological Molecules},
 volume = {281},
 year = {1997}
}

@article{Heinz2001,
 author = {Heinz, Tim N and van Gunsteren, Wilfred F and H{\"u}nenberger, Philippe H},
 journal = {J. Chem. Phys.},
 pages = {1125--1136},
 title = {Comparison of Four Methods to Compute the Dielectric Permittivity of Liquids From Molecular Dynamics Simulations},
 volume = {115},
 year = {2001}
}

@article{Heinzelmann2021,
 author = {Heinzelmann, G. and Gilson, M.K.},
 journal = {Sci. Rep.},
 pages = {1116},
 title = {Automation of Absolute Protein-Ligand Binding Free Energy Calculations for Docking Refinement and Compound Evaluation},
 volume = {11},
 year = {2021}
}

@article{Henine2004,
 author = {H\'enin, J.  and Chipot, Christophe },
 journal = {J. Chem. Phys.},
 pages = {2904--2914},
 title = {Overcoming Free Energy Barriers Using Unconstrained Molecular Dynamics Simulations},
 volume = {121},
 year = {2004}
}

@article{Homeyer2013,
 author = {Homeyer, Nadine and Gohlke, Holger},
 journal = {J. Comput. Chem.},
 pages = {965--973},
 title = {FEW: A Workflow Tool for Free Energy Calculations of Ligand Binding},
 volume = {34},
 year = {2013}
}

@article{Hunter2007,
 author = {Hunter, John D.},
 journal = {Comput. Sci. Eng.},
 pages = {99--104},
 title = {Matplotlib: A 2D Graphics Environment},
 volume = {9},
 year = {2007}
}

@article{Jespers2019,
 author = {Jespers, Willem and Esguerra, Mauricio and {\AA}qvist, Johan and Guti{\'{e}}rrez-De-Ter{\'{a}}n, Hugo},
 journal = {J. Cheminf.},
 pages = {26},
 title = {QligFEP: An Automated Workflow for Small Molecule Free Energy Calculations in Q},
 volume = {11},
 year = {2019}
}

@article{Jespers2019B,
 author = {Jespers, Willem and Isaksen, Geir V. and Andberg, Tor A.H. and Vasile, Silvana and van Veen, Amber and Aqvist, Johan and Brandsdal, Bjorn Olav and Guti\'errez-de-Ter\'an, Hugo},
 journal = {J. Chem. Theory. Comput.},
 pages = {5461--5473},
 title = {QresFEP: An Automated Protocol for Free Energy Calculations of Protein Mutations in Q},
 volume = {15},
 year = {2019}
}

@article{Jiang2019,
 author = {Wei, Jiang and Chipot, Christophe and Roux, Beno\^it},
 journal = {J. Chem. Inf. Model.},
 pages = {3794--3802},
 title = {Computing Relative Binding Affinity of Ligands to Receptor: An Effective Hybrid Single-Dual-Topology Free-Energy Perturbation Approach in NAMD},
 volume = {59},
 year = {2019}
}

@manual{Johansson2013,
 author = {Fredrik Johansson et al},
 key = {mpmath},
 month = {December},
 note = {{\tt http://mpmath.org/}},
 title = {Mpmath: A Python Library for Arbitrary-Precision Floating-Point Arithmetic (Version 0.18)},
 year = {2013}
}

@article{Jorgensen1985,
 author = {Jorgensen, William L.  and Ravimohan, C. },
 journal = {J. Chem. Phys.},
 pages = {3050--3054},
 title = {Monte Carlo Simulation of Differences in Free Energies of Hydration},
 volume = {83},
 year = {1985}
}

@article{Kirkwood1935,
 author = {Kirkwood, John G},
 journal = {J. Chem. Phys.},
 pages = {300--313},
 title = {Statistical Mechanics of Fluid Mixtures},
 volume = {3},
 year = {1935}
}

@article{Kluyver2016,
 author = {Kluyver, Thomas and Ragan-kelley, Benjamin and P{\'e}rez, Fernando and Granger, Brian and Bussonnier, Matthias and Frederic, Jonathan and Kelley, Kyle and Hamrick, Jessica and Grout, Jason and Corlay, Sylvain and Ivanov, Paul and Avila, Dami{\'a}n and Abdalla, Safia and Willing, Carol and Development Team, Jupyter},
 journal = {ELPUB.},
 pages = {87--90},
 title = {Jupyter Notebooks -- A Publishing Format for Reproducible Computational Workflows},
 volume = {-},
 year = {2016}
}

@article{Knight2011,
 author = {J. L. Knight and C. L. Brooks III},
 journal = {J. Chem. Theory. Comput.},
 pages = {2728--2739},
 title = {Multisite $\Lambda$Dynamics for Simulated Structure--Activity Relationship Studies},
 volume = {7},
 year = {2011}
}

@article{Kruskal1956,
 author = {Kruskal, Joseph B.},
 journal = {Proc. Amer. Math. Soc.},
 pages = {48--48},
 title = {On the Shortest Spanning Subtree of a Graph and the Traveling Salesman Problem},
 volume = {7},
 year = {1956}
}

@misc{landrum2021, 
title={rdkit/rdkit: 2020\_09\_5 (Q3 2020) Release},
publisher={Zenodo}, 
author={G. Landrum and P. Tosco and B. Kelley and S. Riniker and Ric and gedeck and R. Vianello and N. Schneider and A. Dalke and Dan N and B. Cole and M. Swain and S. Turk and D. Cosgrove and A. Savelyev and A. Vaucher and M. W\'ojcikowski and G. Jones and D. Probst and V. F. Scalfani and G. Godin and A. Pahl and F. Berenger and J. L. Varjo and strets123 and JP and DoliathGavid and G. Sforna and J. Holst Jensen},
year={2021}, 
month={Mar}}

@misc{Lehner2021,
 author = {Marc Thierry Lehner and Benjamin Ries and Salom{\'{e}} Rieder and Sereina Riniker},
 doi = {10.5281/zenodo.4621710},
 month = {Mar},
 publisher = {Zenodo},
 title = {Rinikerlab/PyGromosTools: PyGromosTools\_V2 (V2.0)},
 year = {2021}
}

@article{Liu2013,
 author = {S. Liu and Y. Wu and T. Lin and R. Abel and J. P. Redmann and C. M. Summa and V. R. Jaber and N. M. Lim and D. L. Mobley},
 journal = {J. Comput. Aided. Mol.},
 pages = {755--770},
 title = {Lead Optimization Mapper: Automating Free Energy Calculations for Lead Optimization},
 volume = {27},
 year = {2013}
}

@article{Liu2015,
 author = {Liu, Shuai and Wang, Lingle and Mobley, David L.},
 journal = {J. Chem. Inf. Model.},
 pages = {727--735},
 title = {Is Ring Breaking Feasible in Relative Binding Free Energy Calculations?},
 volume = {55},
 year = {2015}
}

@article{Loeffler2015,
 author = {Loeffler, Hannes H. and Michel, Julien and Woods, Christopher},
 journal = {J. Chem. Inf. Model.},
 pages = {2485--2490},
 title = {FESetup: Automating Setup for Alchemical Free Energy Simulations},
 volume = {55},
 year = {2015}
}

@article{Loeffler2018,
 author = {Loeffler, Hannes H. and Bosisio, Stefano and Duarte Ramos Matos, Guilherme and Suh, Donghyuk and Roux, Beno\^it and Mobley, David L. and Michel, Julien},
 journal = {J. Chem. Theory. Comput.},
 pages = {5567--5582},
 title = {Reproducibility of Free Energy Calculations Across Different Molecular Simulation Software Packages},
 volume = {14},
 year = {2018}
}

@article{Mckinney2010,
 author = {McKinney, Wes},
 journal = {Proc. 9th. Python. Sci. Conf.},
 pages = {51--56},
 title = {Data Structures for Statistical Computing in Python},
 volume = {445},
 year = {2010}
}

@inbook{Meier2021,
 author = {Meier, Katharina
and Bluck, Joseph P.
and Christ, Clara D.},
 pages = {39--66},
 publisher = {J. Am. Chem. Soc. },
 title = {Use of Free Energy Methods in the Drug Discovery Industry},
 year = {2021}
}

@article{Michel2010,
 author = {Michel, Julien
and Essex, Jonathan W.},
 journal = {J. Comput. Aided. Mol.},
 pages = {639--658},
 title = {Prediction of Protein--Ligand Binding Affinity by Free Energy Simulations: Assumptions, Pitfalls and Expectations},
 volume = {24},
 year = {2010}
}

@article{Mobley2006,
 author = {Mobley, David L.  and Chodera, John D.  and Dill, Ken A. },
 journal = {J. Chem. Phys.},
 pages = {084902},
 title = {On the Use of Orientational Restraints and Symmetry Corrections in Alchemical Free Energy Calculations},
 volume = {125},
 year = {2006}
}

@article{Mobley2014,
 author = {Mobley, David L.
and Guthrie, J. Peter},
 journal = {J. Comput. Aided. Mol.},
 pages = {711--720},
 title = {FreeSolv: A Database of Experimental and Calculated Hydration Free Energies, With Input Files},
 volume = {28},
 year = {2014}
}

@article{Neumann1928,
 author = {von Neumann, John},
 journal = {Math. Ann.},
 pages = {295--320},
 title = {Zur Theorie Der Gesellschaftsspiele},
 volume = {100},
 year = {1928}
}

@article{Nicholls2008,
 author = {Nicholls, Anthony and Mobley, David L and Guthrie, J Peter and Chodera, John D and Bayly, Christopher I and Cooper, Matthew D and Pande, Vijay S},
 journal = {J. Med. Chem.},
 pages = {769--779},
 title = {Predicting Small-Molecule Solvation Free Energies: An Informal Blind Test for Computational Chemistry},
 volume = {51},
 year = {2008}
}

@article{Paulsen2020,
 author = {Paulsen, Janet L. and Yu, Haoyu S. and Sindhikara, Dan and Wang, Lingle and Appleby, Todd and Villasenor, Armando G. and Schmitz, Uli and Shivakumar, Devleena},
 journal = {J. Chem. Inf. Model.},
 pages = {3489--3498},
 title = {Evaluation of Free Energy Calculations for the Prioritization of Macrocycle Synthesis},
 volume = {60},
 year = {2020}
}

@article{Pearlman1991,
 author = {Pearlman, David A.  and Kollman, Peter A. },
 journal = {J. Chem. Phys.},
 pages = {4532--4545},
 title = {The Overlooked Bond‐Stretching Contribution in Free Energy Perturbation Calculations},
 volume = {94},
 year = {1991}
}

@article{Pearlman1994,
 author = {Pearlman, David A.},
 journal = {J. Phys. Chem.},
 pages = {1487--1493},
 title = {A Comparison of Alternative Approaches to Free Energy Calculations},
 volume = {98},
 year = {1994}
}

@article{Petrov2021,
 author = {Petrov, Drazen},
 journal = {J. Chem. Inf. Model.},
 pages = {4382--4390},
 title = {Perturbation Free-Energy Toolkit: An Automated Alchemical Topology Builder},
 volume = {61},
 year = {2021}
}

@inproceedings{Pezoa2016,
 author = {Pezoa, Felipe and Reutter, Juan L and Suarez, Fernando and Ugarte, Mart{\'\i}n and Vrgo{\v{c}}, Domagoj},
 booktitle = {Proceedings of the 25th International Conference on World Wide Web},
 pages = {263--273},
 title = {Foundations of JSON Schema},
 year = {2016}
}

@article{Prim1957,
 author = {Prim, R. C.},
 journal = {Bell. Syst. Tech. J.},
 pages = {1389--1401},
 title = {Shortest Connection Networks and Some Generalizations},
 volume = {36},
 year = {1957}
}

@article{Raman2020,
 author = {Raman, E. Prabhu and Paul, Thomas J. and Hayes, Ryan L. and Brooks, Charles L.},
 journal = {J. Chem. Theory. Comput.},
 pages = {7895--7914},
 title = {Automated, Accurate, and Scalable Relative Protein–Ligand Binding Free-Energy Calculations Using $\Lambda$ Dynamics},
 volume = {16},
 year = {2020}
}

@article{Ries2021B,
 author = {Ries, Benjamin and Normak, Karl and Weiss, Richard G. and Rieder, Salom{\'e} and Barros, Emilia P. and Champion, Candide and K{\"o}nig, Gerhard and Riniker, Sereina},
 journal = {J. Comput. Mol.},
 pages = {in press},
 title = {Relative Free-Energy Calculations for Scaffold Hopping-Type Transformations With an Automated RE-EDS Sampling Procedure},
 volume = {-},
 year = {2021}
}

@article{Riniker2011,
 author = {Riniker, Sereina and Christ, Clara D. and Hansen, Niels and Mark, Alan E. and Nair, Pramod C. and {Van Gunsteren}, Wilfred F.},
 journal = {J. Chem. Phys.},
 pages = {24105},
 title = {Comparison of Enveloping Distribution Sampling and Thermodynamic Integration to Calculate Binding Free Energies of Phenylethanolamine N-Methyltransferase Inhibitors},
 volume = {135},
 year = {2011}
}

@article{Rizzo2006,
 author = {Rizzo, Robert C and Aynechi, Tiba and Case, David A and Kuntz, Irwin D},
 journal = {J. Chem. Theory. Comput.},
 pages = {128--139},
 title = {Estimation of Absolute Free Energies of Hydration Using Continuum Methods: Accuracy of Partial Charge Models and Optimization of Nonpolar Contributions},
 volume = {2},
 year = {2006}
}

@article{Rocklin2013,
 author = {Rocklin, Gabriel J.  and Mobley, David L.  and Dill, Ken A. },
 journal = {J. Chem. Phys.},
 pages = {085104},
 title = {Separated Topologies -- A Method for Relative Binding Free Energy Calculations Using Orientational Restraints},
 volume = {138},
 year = {2013}
}

@book{Schiller1898,
 author = {Schiller, Friedrich},
 publisher = {H. Holt},
 title = {Wilhelm Tell},
 year = {1898}
}

@article{Schmid2012,
 author = {N. Schmid and C. D. Christ and M. Christen and A. P. Eichenberger and W. F. van Gunsteren},
 journal = {Comp. Phys. Comm.},
 pages = {890--903},
 title = {Architecture, Implementation and Parallelization of the GROMOS Software for Biomolecular Simulation},
 volume = {183},
 year = {2012}
}

@article{Seeliger2010,
 author = {Seeliger, Daniel and {de Groot},  Bert L.},
 journal = {Biophys. J.},
 pages = {2309--2316},
 title = {Protein Thermostability Calculations Using Alchemical Free Energy Simulations},
 volume = {98},
 year = {2010}
}

@article{Shobana2000,
 author = {Shobana, S. and Roux, Beno\^it and Andersen, Olaf S.},
 journal = {J. Phys. Chem. B.},
 pages = {5179--5190},
 title = {Free Energy Simulations: Thermodynamic Reversibility and Variability},
 volume = {104},
 year = {2000}
}

@article{Sidler2016,
 author = {Sidler, Dominik and Schwaninger, Arthur and Riniker, Sereina},
 journal = {J. Chem. Phys.},
 pages = {154114},
 title = {Replica Exchange Enveloping Distribution Sampling (RE-EDS): A Robust Method to Estimate Multiple Free-Energy Differences From a Single Simulation},
 volume = {145},
 year = {2016}
}

@article{Sidler2017,
 author = {Sidler, Dominik and Crist{\textasciigrave {o}}fol-Clough, Michael and Riniker, Sereina},
 journal = {J. Chem. Theory. Comput.},
 pages = {3020--3030},
 title = {Efficient Round-Trip Time Optimization for Replica-Exchange Enveloping Distribution Sampling (RE-EDS)},
 volume = {13},
 year = {2017}
}

@article{Strauss1970,
 author = {Strauss, Herbert L and Pickett, Herbert M},
 journal = {J. Am. Chem. Soc.},
 pages = {7281--7290},
 title = {Conformational Structure, Energy, and Inversion Rates of Cyclohexane and Some Related Oxanes},
 volume = {92},
 year = {1970}
}

@article{Stroet2018,
 author = {Stroet, Martin and Caron, Bertrand and Visscher, Koen M. and Geerke, Daan P. and Malde, Alpeshkumar K. and Mark, Alan E.},
 journal = {J. Chem. Theory. Comput.},
 pages = {5834--5845},
 title = {Automated Topology Builder Version 3.0: Prediction of Solvation Free Enthalpies in Water and Hexane},
 volume = {14},
 year = {2018}
}

@article{Sugita2000,
 author = {Sugita, Yuji and Kitao, Akio and Okamoto, Yuko},
 journal = {J. Chem. Phys.},
 pages = {6042--6051},
 title = {Multidimensional Replica-Exchange Method for Free-Energy Calculations},
 volume = {113},
 year = {2000}
}

@article{Suruzhon2020,
 author = {Suruzhon, Miroslav and Senapathi, Tharindu and Bodnarchuk, Michael S. and Viner, Russell and Wall, Ian D. and Barnett, Christopher B. and Naidoo, Kevin J. and Essex, Jonathan W.},
 journal = {J. Chem. Inf. Model.},
 pages = {1917--1921},
 title = {ProtoCaller: Robust Automation of Binding Free Energy Calculations},
 volume = {60},
 year = {2020}
}

@inbook{Tielker2021,
 author = {Tielker, Nicolas and Eberlein, Lukas and Beckstein, Oliver and G\"ussregen, Stefan and Iorga, Bogdan I. and Kast, Stefan M. and Liu, Shuai},
 booktitle = {Free Energy Methods in Drug Discovery: Current State and Future Directions},
 pages = {67--107},
 publisher = {ACS Publications},
 title = {Perspective on the SAMPL and D3R Blind Prediction Challenges for Physics-Based Free Energy Methods},
 year = {2021}
}

@article{Tironi1995,
 author = {I. Tironi and R. Sperb and P. E. Smith and W. F. van Gunsteren},
 journal = {J. Chem. Phys.},
 pages = {5451--5459},
 title = {A Generalized Reaction Field Method for Molecular Dynamics Simulations},
 volume = {102},
 year = {1995}
}

@article{Vanderwalt2011,
 author = {{van Der Walt}, St{\'{e}}fan and Colbert, S. Chris and Varoquaux, Ga{\"{e}}l},
 journal = {Comput. Sci. Eng.},
 pages = {22--30},
 title = {The NumPy Array: A Structure for Efficient Numerical Computation},
 volume = {13},
 year = {2011}
}

@article{Virtanen2020,
 author = {Virtanen, Pauli and Gommers, Ralf and Oliphant, Travis E. and Haberland, Matt and Reddy, Tyler and Cournapeau, David and Burovski, Evgeni and Peterson, Pearu and Weckesser, Warren and Bright, Jonathan and van der Walt, St{\'{e}}fan J. and Brett, Matthew and Wilson, Joshua and Millman, K. Jarrod and Mayorov, Nikolay and Nelson, Andrew R.J. and Jones, Eric and Kern, Robert and Larson, Eric and Carey, C. J. and Polat, {\. I}lhan and Feng, Yu and Moore, Eric W. and VanderPlas, Jake and Laxalde, Denis and Perktold, Josef and Cimrman, Robert and Henriksen, Ian and Quintero, E. A. and Harris, Charles R. and Archibald, Anne M. and Ribeiro, Ant{\^{o}}nio H. and Pedregosa, Fabian and van Mulbregt, Paul and Vijaykumar, Aditya and Bardelli, Alessandro Pietro and Rothberg, Alex and Hilboll, Andreas and Kloeckner, Andreas and Scopatz, Anthony and Lee, Antony and Rokem, Ariel and Woods, C. Nathan and Fulton, Chad and Masson, Charles and H{\"{a}}ggstr{\"{o}}m, Christian and Fitzgerald, Clark and Nicholson, David A. and Hagen, David R. and Pasechnik, Dmitrii V. and Olivetti, Emanuele and Martin, Eric and Wieser, Eric and Silva, Fabrice and Lenders, Felix and Wilhelm, Florian and Young, G. and Price, Gavin A. and Ingold, Gert Ludwig and Allen, Gregory E. and Lee, Gregory R. and Audren, Herv{\'{e}} and Probst, Irvin and Dietrich, J{\"{o}}rg P. and Silterra, Jacob and Webber, James T. and Slavi{\v{c}}, Janko and Nothman, Joel and Buchner, Johannes and Kulick, Johannes and Sch{\"{o}}nberger, Johannes L. and {de Miranda Cardoso}, Jos{\'{e}} Vin{\'{i}}cius and Reimer, Joscha and Harrington, Joseph and Rodr{\'{i}}guez, Juan Luis Cano and Nunez-Iglesias, Juan and Kuczynski, Justin and Tritz, Kevin and Thoma, Martin and Newville, Matthew and K{\"{u}}mmerer, Matthias and Bolingbroke, Maximilian and Tartre, Michael and Pak, Mikhail and Smith, Nathaniel J. and Nowaczyk, Nikolai and Shebanov, Nikolay and Pavlyk, Oleksandr and Brodtkorb, Per A. and Lee, Perry and McGibbon, Robert T. and Feldbauer, Roman and Lewis, Sam and Tygier, Sam and Sievert, Scott and Vigna, Sebastiano and Peterson, Stefan and More, Surhud and Pudlik, Tadeusz and Oshima, Takuya and Pingel, Thomas J. and Robitaille, Thomas P. and Spura, Thomas and Jones, Thouis R. and Cera, Tim and Leslie, Tim and Zito, Tiziano and Krauss, Tom and Upadhyay, Utkarsh and Halchenko, Yaroslav O. and V{\'{a}}zquez-Baeza, Yoshiki},
 journal = {Nat. Method.},
 pages = {261--272},
 title = {SciPy 1.0: Fundamental Algorithms for Scientific Computing in Python},
 volume = {17},
 year = {2020}
}

@article{Wang2015,
 author = {L. Wang and Y. Wu and Y. Deng and B. Kim and L. Pierce and G. Krilov and D. Lupyan and S. Robinson and M. K. Dahlgren and J. Greenwood and D. L. Romero and C. Masse and J. L. Knight and T. Steinbrecher and T. Beuming and W. Damm and E. Harder and W. Sherman and M. Brewer and R. Wester and M. Murcko and L. Frye and R. Farid and T. Lin and D. L. Mobley and W. L. Jorgensen and B. J. Berne and R. A. Friesner and R. Abel},
 journal = {J. Am. Chem. Soc.},
 pages = {2695--2703},
 title = {Accurate and Reliable Prediction of Relative Ligand Binding Potency in Prospective Drug Discovery by Way of a Modern Free-Energy Calculation Protocol and Force Field},
 volume = {137},
 year = {2015}
}

@article{Wang2017,
 author = {Wang, Lingle and Deng, Yuqing and Wu, Yujie and Kim, Byungchan and LeBard, David N and Wandschneider, Dan and Beachy, Mike and Friesner, Richard A and Abel, Robert},
 journal = {J. Chem. Theory. Comput.},
 pages = {42--54},
 title = {Accurate Modeling of Scaffold Hopping Transformations in Drug Discovery},
 volume = {13},
 year = {2017}
}

@article{Wolfenden1987,
 author = {Wolfenden, Richard and Liang, Yu Lan and Matthews, Margaret and Williams, Richard},
 journal = {J. Am. Chem. Soc.},
 pages = {463--466},
 title = {Cooperativity and Anticooperativity in Solvation by Water: Imidazoles, Quinones, Nitrophenols, Nitrophenolate, and Nitrothiophenolate Ions},
 volume = {109},
 year = {1987}
}

@article{Yu2017,
 author = {Yu, Haoyu S. and Deng, Yuqing and Wu, Yujie and Sindhikara, Dan and Rask, Amy R. and Kimura, Takayuki and Abel, Robert and Wang, Lingle},
 journal = {J. Chem. Theory. Comput.},
 pages = {6290--6300},
 title = {Accurate and Reliable Prediction of the Binding Affinities of Macrocycles to Their Protein Targets},
 volume = {13},
 year = {2017}
}

@article{Zwanzig1954,
 author = {Zwanzig, Robert W},
 journal = {J. Chem. Phys.},
 pages = {1420--1426},
 title = {High-Temperature Equation of State by a Pertubation Method. I. Nonpolar Gases},
 volume = {22},
 year = {1954}
}

