@article{Aldeghi2016,
 author = {Aldeghi, Matteo and Heifetz, Alexander and Bodkin, Michael J. and Knapp, Stefan and Biggin, Philip C.},
 journal = {Chem. Sci.},
 pages = {207--218},
 title = {{A}ccurate {C}alculation of the {A}bsolute {F}ree {E}nergy of {B}inding for {D}rug {M}olecules},
 volume = {7},
 year = {2016}
}

@article{Andersen1980,
 author = {Andersen, Hans C.},
 journal = {J. Chem. Phys.},
 pages = {2384--2393},
 title = {{M}olecular {D}ynamics {S}imulations at {C}onstant {P}ressure and/or {T}emperature},
 volume = {72},
 year = {1980}
}

@article{Armacost2020,
 author = {Armacost, Kira A. and Riniker, Sereina and Cournia, Zoe},
 journal = {J. Chem. Inf. Model.},
 pages = {1--5},
 title = {{N}ovel {D}irections in {F}ree {E}nergy {M}ethods and {A}pplications},
 volume = {60},
 year = {2020}
}

@article{Bennett1976,
 author = {Bennett, Charles H},
 journal = {J. Comput. Phys.},
 pages = {245--268},
 title = {{E}fficient {E}stimation of {F}ree {E}nergy {D}ifferences {F}rom {M}onte {C}arlo {D}ata},
 volume = {22},
 year = {1976}
}

@inbook{Berendsen1981,
 address = {Dordrecht, The Netherlands},
 author = {H. J. C. Berendsen and J. P. M. Postma and W. F. van Gunsteren and J. Hermans},
 booktitle = {Intermolecular Forces},
 pages = {331--342},
 publisher = {Reidel},
 title = {{I}nteraction {M}odels for {W}ater in {R}elation to {P}rotein {H}ydration},
 year = {1981}
}

@article{Berendsen1984,
 author = { Berendsen, H. J. C. and Postma, J. P. M. and van Gunsteren, W. F. and DiNola, A. and Haak, J. R.},
 journal = {J. Chem. Phys.},
 pages = {3684},
 title = {{M}olecular {D}ynamics with {C}oupling to an {E}xternal {B}ath},
 volume = {81},
 year = {1984}
}

@article{Berendsen1995,
 author = {Berendsen, H. J. C.  and van der Spoel,D.  and van Drunen, R. },
 journal = {Comp. Phys. Comm.},
 pages = {43--56},
 title = {G{R}OM{A}CS: {A} Message-{P}assing {P}arallel {M}olecular {D}ynamics {I}mplementation},
 volume = {91},
 year = {1995}
}


@article{Berman2000,
 author = {Berman, Helen M. and Westbrook, John and Feng, Zukang and Gilliland, Gary and Bhat, T. N. and Weissig, Helge and Shindyalov, Ilya N. and Bourne, Philip E.},
 journal = {Nucleic Acids Res.},
 pages = {235--242},
 title = {{T}he {P}rotein {D}ata {B}ank},
 volume = {28},
 year = {2000}
}

@article{Bleiziffer2018,
 author = {Bleiziffer, Patrick and Schaller, Kay and Riniker, Sereina},
 journal = {J. Chem. Inf. Model.},
 pages = {579--590},
 title = {{M}achine {L}earning of {P}artial {C}harges {D}erived from {H}igh-{Q}uality {Q}uantum-{M}echanical {C}alculations},
 volume = {58},
 year = {2018}
}

@misc{Brandl2008,
 author = {Brandl, Georg},
 title = {{S}phinx {D}ocumentation {T}ool},
 year = {2008}
}

@article{Brooks2009,
 author = {Brooks, B R and Brooks III, C L and Mackerell Jr., A D and Nilsson, L and Petrella, R J and Roux, B and Won, Y and Archontis, G and Bartels, C and Boresch, S and Caflisch, A and Caves, L and Cui, Q and Dinner, A R and Feig, M and Fischer, S and Gao, J and Hodoscek, M and Im, W and Kuczera, K and Lazaridis, T and Ma, J and Ovchinnikov, V and Paci, E and Pastor, R W and Post, C B and Pu, J Z and Schaefer, M and Tidor, B and Venable, R M and Woodcock, H L and Wu, X and Yang, W and York, D M and Karplus, M},
 journal = {J. Comput. Chem.},
 pages = {1545--1614},
 title = {C{H}AR{M}M: {T}he {B}iomolecular {S}imulation {P}rogram},
 volume = {30},
 year = {2009}
}

@article{Bruckner2011,
 author = {Bruckner, Stefan and Boresch, Stefan},
 journal = {J. Comput. Chem.},
 pages = {1320--1333},
 title = {{E}fficiency of {A}lchemical {F}ree {E}nergy {S}imulations. {I}I. {I}mprovements for {T}hermodynamic {I}ntegration},
 volume = {32},
 year = {2011}
}

@article{Brunger1984,
 author = {Br{\"u}nger, Axel and Brooks, Charles L. and Karplus, Martin},
 journal = {Chem. Phys. Lett.},
 pages = {495--500},
 title = {{S}tochastic {B}oundary {C}onditions for {M}olecular {D}ynamics {S}imulations of {S}T2 {W}ater},
 volume = {105},
 year = {1984}
}

@book{Chacon2014,
 author = {Chacon, Scott and Straub, Ben},
 publisher = {Springer Nature},
 title = {{P}ro git},
 year = {2014}
}

@article{Cheatham1995,
 author = {Cheatham, T. E. and Miller, J. L. and Fox, T. and Darden, T. A. and Kollman, P. A.},
 journal = {J. Am. Chem. Soc.},
 pages = {4193--4194},
 title = {{M}olecular {D}ynamics {S}imulations on {S}olvated {B}iomolecular {S}ystems: {T}he {P}article {M}esh {E}wald {M}ethod {L}eads to {S}table {T}rajectories of {D}NA, {R}NA, and {P}roteins},
 volume = {117},
 year = {1995}
}

@article{Chodera2013,
 author = {Chodera, John D. and Mobley, David L.},
 journal = {Annual Rev. Biophys.},
 pages = {121--142},
 title = {{E}ntropy-{E}nthalpy {C}ompensation: {R}ole and {R}amifications in {B}iomolecular {L}igand {R}ecognition and {D}esign},
 volume = {42},
 year = {2013}
}

@article{Christ2007,
 author = {Christ, Clara D. and van Gunsteren, Wilfred F.},
 journal = {J. Chem. Phys.},
 pages = {184110},
 title = {{E}nveloping {D}istribution {S}ampling: {A} Method to {C}alculate {F}ree {E}nergy {D}ifferences {F}rom a {S}ingle {S}imulation},
 volume = {126},
 year = {2007}
}

@article{Christ2008,
 author = {Christ, Clara D. and van Gunsteren, Wilfred F.},
 journal = {J. Chem. Phys.},
 pages = {174112},
 title = {{M}ultiple {F}ree {E}nergies {F}rom a {S}ingle {S}imulation: {E}xtending {E}nveloping {D}istribution {S}ampling to {N}onoverlapping {P}hase-space {D}istributions},
 volume = {128},
 year = {2008}
}

@article{Christ2009,
 author = {Christ, Clara D and Mark, Alan E and van Gunsteren, Wilfred F},
 journal = {J. Comput. Chem.},
 pages = {1569--1582},
 title = {{B}asic {I}ngredients of {F}ree {E}nergy {C}alculations: {A} Review},
 volume = {31},
 year = {2009}
}

@article{Christ2009A,
 author = {Christ, Clara D. and van Gunsteren, Wilfred F.},
 journal = {J. Chem. Theory Comput.},
 pages = {276--286},
 title = {{S}imple, {E}fficient, and {R}eliable {C}omputation of {M}ultiple {F}ree {E}nergy {D}ifferences from a {S}ingle {S}imulation: {A} Reference {H}amiltonian {P}arameter {U}pdate {S}cheme for {E}nveloping {D}istribution {S}ampling ({E}DS)},
 volume = {5},
 year = {2009}
}

@article{Cournia2017,
 author = {Cournia, Zoe and Allen, Bryce and Sherman, Woody},
 journal = {J. Chem. Inf. Model.},
 pages = {2911--2937},
 title = {{R}elative {B}inding {F}ree {E}nergy {C}alculations in {D}rug {D}iscovery: {R}ecent {A}dvances and {P}ractical {C}onsiderations},
 volume = {57},
 year = {2017}
}

@article{Cournia2020,
 author = {Cournia, Zoe and Allen, Bryce K. and Beuming, Thijs and Pearlman, David A. and Radak, Brian K. and Sherman, Woody},
 journal = {J. Chem. Inf. Model.},
 pages = {4153 -- 4169},
 title = {{R}igorous {F}ree {E}nergy {S}imulations in {V}irtual {S}creening},
 volume = {60},
 year = {2020}
}

@article{Donnini2016,
 author = {Donnini, Serena and Ullmann, R. Thomas and Groenhof, Gerrit and Grubm{\"u}ller, Helmut},
 journal = {J. Chem. Theory Comput.},
 pages = {1040--1051},
 title = {{C}harge-{N}eutral {C}onstant p{H} Molecular {D}ynamics {S}imulations {U}sing a {P}arsimonious {P}roton {B}uffer},
 volume = {12},
 year = {2016}
}

@article{Eastman2017,
 author = {Eastman, Peter and Swails, Jason and Chodera, John D. and McGibbon, Robert T. and Zhao, Yutong and Beauchamp, Kyle A. and Wang, Lee Ping and Simmonett, Andrew C. and Harrigan, Matthew P. and Stern, Chaya D. and Wiewiora, Rafal P. and Brooks, Bernard R. and Pande, Vijay S.},
 journal = {PLoS Comput. Biol.},
 pages = {e1005659},
 title = {{O}pen{M}M 7: {R}apid {D}evelopment of {H}igh {P}erformance {A}lgorithms for {M}olecular {D}ynamics},
 volume = {13},
 year = {2017}
}

@article{Eichenberger2011,
 author = {A. P. Eichenberger and J. R. Allison and J. Dolenc and D. P. Geerke and B. A. C. Horta and K. Meier and C. Oostenbrink and N. Schmid and D. Steiner and D. Wang and W. F. van Gunsteren},
 journal = {J. Chem. Theory Comput.},
 pages = {3379--3390},
 title = {{T}he {G}RO{M}OS++ {S}oftware for the {A}nalysis of {B}iomolecular {S}imulation {T}rajectories},
 volume = {7},
 year = {2011}
}

@misc{Fischmann2012,
 author = {Fischmann, T.O.},
 booktitle = {Worldwide Protein Data Bank},
 doi = {10.2210/pdb3u9n/pdb},
 title = {{X}-ray {C}rystal {S}tructure of {C}ompound 1 {B}ound to {H}uman {C}HK1 {K}inase {D}omain},
 year = {2012}
}

@article{Gelman1998,
 author = {Gelman, Andrew and Meng, Xiao Li},
 journal = {Stat. Sci.},
 pages = {163--185},
 title = {{S}imulating {N}ormalizing {C}onstants: {F}rom {I}mportance {S}ampling to {B}ridge {S}ampling to {P}ath {S}ampling},
 volume = {13},
 year = {1998}
}

@misc{Githhubaction20,
 author = {Github},
 title = {{G}ithub {A}ctions},
 url = {https://docs.github.com/en/actions/reference},
 year = {2007}
}

@misc{Github2020,
 author = {Github},
 title = {{G}it{H}ub},
 url = {https://github.com/},
 year = {2020}
}

@article{Glattli2002,
 author = {Gl{\"a}ttli,Alice  and Daura,Xavier  and van Gunsteren,Wilfred F. },
 journal = {J. Chem. Phys.},
 pages = {9811--9828},
 title = {{D}erivation of an {I}mproved {S}imple {P}oint {C}harge {M}odel for {L}iquid {W}ater: {S}PC/{A} and {S}PC/{L}},
 volume = {116},
 year = {2002}
}

@article{Graf2016,
 author = {Graf, Michael M. H. and Maurer, Manuela and Oostenbrink, Chris},
 journal = {J. Comp. Chem.},
 pages = {2597--2605},
 title = {{F}ree-energy {C}alculations of {R}esidue {M}utations in a {T}ripeptide {U}sing {V}arious {M}ethods to {O}vercome {I}nefficient {S}ampling},
 volume = {37},
 year = {2016}
}

@article{Grosdidier2011,
 author = {Grosdidier, Aur{\'e}lien and Zoete, Vincent and Michielin, Olivier},
 journal = {Nucleic Acids Res.},
 pages = {W270--W277},
 title = {{S}wiss{D}ock, a {P}rotein-{S}mall {M}olecule {D}ocking {W}eb {S}ervice {B}ased on {E}ADock {D}SS},
 volume = {39},
 year = {2011}
}

@article{Hahn2019,
 author = {Hahn, David F and H{\"u}nenberger, Philippe H},
 journal = {J. Chem. Theory Comput.},
 pages = {2392--2419},
 title = {{A}lchemical {F}ree-{E}nergy {C}alculations by {M}ultiple-{R}eplica -{D}ynamics: {T}he {C}onveyor {B}elt {T}hermodynamic {I}ntegration {S}cheme},
 volume = {15},
 year = {2019}
}

@article{Hahn2020,
 author = {Hahn, David F. and K{\"o}nig, Gerhard and H\textbackslash n\"enberger, Philippe H.},
 journal = {J. Chem. Theory Comput.},
 pages = {1630--1645},
 title = {{O}vercoming {O}rthogonal {B}arriers in {A}lchemical {F}ree {E}nergy {C}alculations: {O}n the {R}elative {M}erits of \textdollar {\l}ambda\textdollar -{V}ariations, \textdollar {\l}ambda\textdollar -{E}xtrapolations, and {B}iasing},
 volume = {16},
 year = {2020}
}

@article{Hanahan2011,
 author = {Hanahan, Douglas and Weinberg, Robert A.},
 journal = {Cell},
 pages = {646--674},
 title = {{H}allmarks of {C}ancer: {T}he {N}ext {G}eneration},
 volume = {144},
 year = {2011}
}

@article{Hansen2012,
 author = {N. Hansen and J. Dolenc and M. Knecht and S. Riniker and W. F. van Gunsteren},
 journal = {J. Comput. Chem.},
 pages = {640--651},
 title = {{A}ssessment of {E}nveloping {D}istribution {S}ampling to {C}alculate {R}elative {F}ree {E}nthalpies of {B}inding for {E}ight {N}etropsin\textendash {D}NA {D}uplex {C}omplexes in {A}queous {S}olution},
 volume = {33},
 year = {2012}
}

@article{Hansen2014,
 author = {Hansen, Niels and van Gunsteren, Wilfred F.},
 journal = {J. Chem. Theory Comput.},
 pages = {2632--2647},
 title = {{P}ractical {A}spects of {F}ree-{E}nergy {C}alculations: {A} Review},
 volume = {10},
 year = {2014}
}

@article{Hansmann1997,
 author = {Hansmann, Ulrich H E},
 journal = {Chem. Phys. Lett.},
 pages = {140--150},
 title = {{P}arallel {T}empering {A}lgorithm for {C}onformational {S}tudies of {B}iological {M}olecules},
 volume = {281},
 year = {1997}
}

@article{Hastings1970,
 author = {Hastings, W. K.},
 journal = {Biometrika},
 pages = {97--109},
 title = {{M}onte {C}arlo {S}ampling {M}ethods {U}sing {M}arkov {C}hains and {T}heir {A}pplications},
 volume = {57},
 year = {1970}
}

@article{Hestenes1952,
 author = {Hestenes, Magnus R and Stiefel, Eduard},
 journal = {J. Res. Natl. Bur. Stand.},
 pages = {409--436},
 title = {{M}ethods of {C}onjugate {G}radients for {S}olving {L}inear {S}ystems},
 volume = {49},
 year = {1952}
}

@book{Hockney1970,
author = {Hockney, R. W.}, 
title = {The Potential Calculation and Some Applications},
publisher = {Methods Comput. Phys.},
year = {1970} ,
pages ={136--210}
}

@article{Huang2012,
 author = {Huang, Xiaohua and Cheng, Cliff C and Fischmann, Thierry O and Duca, Jos{\'e} S and Yang, Xianshu and Richards, Matthew and Shipps, Gerald W},
 journal = {ACS Med. Chem. Lett.},
 pages = {123--128},
 title = {{D}iscovery of a {N}ovel {S}eries of {C}HK1 {K}inase {I}nhibitors with a {D}istinctive {H}inge {B}inding {M}ode},
 volume = {3},
 year = {2012}
}

@article{Huber1994,
 author = {Huber, Thomas and Torda, Andrew E. and van Gunsteren, Wilfred F.},
 journal = {J. Comput. Aided Mol. Des.},
 pages = {695--708},
 title = {{L}ocal {E}levation: {A} Method for {I}mproving the {S}earching {P}roperties of {M}olecular {D}ynamics {S}imulation},
 volume = {8},
 year = {1994}
}

@article{Hunter2007,
 author = {Hunter, John D.},
 journal = {Comput. Sci. Eng.},
 pages = {99--104},
 title = {{M}atplotlib: {A} 2{D} Graphics {E}nvironment},
 volume = {9},
 year = {2007}
}

@article{Jespers2019,
 author = {Jespers, Willem and Esguerra, Mauricio and {\AA}qvist, Johan and Guti{\'e}rrez-De-Ter{\'a}n, Hugo},
 journal = {J. Cheminf.},
 pages = {26},
 title = {{Q}ligfep: {A}n {A}utomated {W}orkflow for {S}mall {M}olecule {F}ree {E}nergy {C}alculations in {Q}},
 volume = {11},
 year = {2019}
}

@article{Jones1924,
 author = {Jones, J. E.},
 journal = {Proc. Royal Soc. London},
 pages = {441--462},
 title = {{O}n the {D}etermination of {M}olecular {F}ields. {I}. {F}rom the {V}ariation of the {V}iscosity of a {G}as with {T}emperature},
 volume = {106},
 year = {1924}
}

@article{Jorgensen1988b,
 author = {Jorgensen,William L.  and Buckner,J. Kathleen  and Boudon,Stephane  and Tirado‐Rives,Julian },
 journal = {J. Chem. Phys.},
 pages = {3742--3746},
 title = {{E}fficient {C}omputation of {A}bsolute {F}ree {E}nergies of {B}inding by {C}omputer {S}imulations. {A}pplication to the {M}ethane {D}imer in {W}ater},
 volume = {89},
 year = {1988}
}

@article{Kashefolgheta2020,
 author = {Kashefolgheta, Sadra and Oliveira, Marina P. and Rieder, Salom{\'e} R. and Horta, Bruno A. C. and Acree, William E. and H{\"u}nenberger, Philippe H.},
 journal = {J. Chem. Theory Comput.},
 pages = {7556--7580},
 title = {{E}valuating {C}lassical {F}orce {F}ields against {E}xperimental {C}ross-{S}olvation {F}ree {E}nergies},
 volume = {16},
 year = {2020}
}

@article{Katzgraber2006,
 author = {Katzgraber, Helmut G and Trebst, Simon and Huse, David A and Troyer, Matthias},
 journal = {J. Stat. Mech.},
 pages = {P03018--P03018},
 title = {{F}eedback-{O}ptimized {P}arallel {T}empering {M}onte {C}arlo},
 volume = {2006},
 year = {2006}
}

@article{Kirkwood1935,
 author = {Kirkwood, John G},
 journal = {J. Chem. Phys.},
 pages = {300--313},
 title = {{S}tatistical {M}echanics of {F}luid {M}ixtures},
 volume = {3},
 year = {1935}
}

@article{Kluyver2016,
 author = {Kluyver, Thomas and Ragan-kelley, Benjamin and P{\'e}rez, Fernando and Granger, Brian and Bussonnier, Matthias and Frederic, Jonathan and Kelley, Kyle and Hamrick, Jessica and Grout, Jason and Corlay, Sylvain and Ivanov, Paul and Avila, Dami{\'a}n and Abdalla, Safia and Willing, Carol and Development Team, Jupyter},
 journal = {ELPUB},
 pages = {87--90},
 title = {{J}upyter {N}otebooks \textemdash  - {A} Publishing {F}ormat for {R}eproducible {C}omputational {W}orkflows},
 volume = {-},
 year = {2016}
}

@article{Knight2009A,
 author = {Knight, Jennifer L. and Brooks III, Charles L.},
 journal = {J. Comput. Chem.},
 pages = {1692--1700},
 title = {\textdollar {\l}ambda\textdollar -{D}ynamics {F}ree {E}nergy {S}imulation {M}ethods},
 volume = {30},
 year = {2009}
}

@article{Koenig2020,
 author = {K{\"o}nig, Gerhard and Glaser, Nina and Schroeder, Benjamin and H{\"u}nenberger, Philippe Henry and Riniker, Sereina},
 journal = {J. Chem. Inf. Model.},
 pages = {5407\textendash --5423},
 title = {{A}n {A}lternative to {C}onventional \textdollar {\l}ambda\textdollar -{I}ntermediate {S}tates in {A}lchemical {F}ree {E}nergy {C}alculations: \textdollar {\l}ambda\textdollar -{E}nveloping {D}istribution {S}ampling},
 volume = {60},
 year = {2020}
}



@article{Konig2016,
 author = {K{\"o}nig, Gerhard and Brooks, Bernard R},
 journal = {Biochim. Biophys. Acta - General Subjects},
 pages = {932--943},
 title = {{C}orrecting for the {F}ree {E}nergy {C}osts of {B}ond or {A}ngle {C}onstraints in {M}olecular {D}ynamics {S}imulations},
 volume = {1850},
 year = {2016}
}

@article{Konig2018A,
 author = {K{\"o}nig, Gerhard and Brooks, Bernard R. and Thiel, Walter and York, Darrin M.},
 journal = {Mol. Sim.},
 pages = {1062--1081},
 title = {{O}n the {C}onvergence of {M}ulti-scale {F}ree {E}nergy {S}imulations},
 volume = {44},
 year = {2018}
}

@misc{Krekel2004,
 author = {Krekel, Holger and Oliveira, Bruno and Pfannschmidt, Ronny and Bruynooghe, Floris and Laugher, Brianna and Bruhin, Florian and Al, Et},
 title = {{P}ytest: {H}elps {Y}ou {W}rite {B}etter {P}rograms},
 year = {2004}
}

@article{Laio2002,
 author = {Laio, Alessandro and Parrinello, Michele},
 journal = {Proceed. Natl. Acad. Sci. U.S.A.},
 pages = {12562--12566},
 title = {{E}scaping {F}ree-{E}nergy {M}inima},
 volume = {20},
 year = {2002}
}

@misc{Landrum2021,
 author = {G. Landrum and P. Tosco and B. Kelley and S. Riniker and Ric and gedeck and R. Vianello and N. Schneider and A. Dalke and Dan N and et al.},
 month = {Mar},
 publisher = {Zenodo},
 title = {rdkit/rdkit: 2020\_09\_5 ({Q}3 2020) {R}elease},
 year = {2021}
}


@book{Leach2001,
 author = {Leach, Andrew R.},
 publisher = {Pearson Education Limited},
 title = {{M}olecular {M}odelling -- {P}rinciples and {A}pplications},
 year = {2001}
}

@article{Lee2014,
 author = {Lee, Juyong and Miller, Benjamin T and Damjanovi{\' c}, Ana and Brooks, Bernard R},
 journal = {J. Chem. Theory Comput.},
 pages = {2738--2750},
 title = {{C}onstant p{H} Molecular {D}ynamics in {E}xplicit {S}olvent with {E}nveloping {D}istribution {S}ampling and {H}amiltonian {E}xchange},
 volume = {10},
 year = {2014}
}

@article{Lee2015,
 author = {Lee, Juyong and Miller, Benjamin T and Damjanovi{\' c}, Ana and Brooks, Bernard R},
 journal = {J. Chem. Theory Comput.},
 pages = {2560--2574},
 title = {{E}nhancing {C}onstant-p{H} Simulation in {E}xplicit {S}olvent with a {T}wo-{D}imensional {R}eplica {E}xchange {M}ethod},
 volume = {11},
 year = {2015}
}

@article{Lemke2018,
 author = {Lemke, Oliver and Keller, Bettina G.},
 journal = {Algorithms},
 pages = {19},
 title = {{C}ommon {N}earest {N}eighbor {C}lustering -- {A} Benchmark},
 volume = {11},
 year = {2018}
}

@article{Li2013,
 author = {Li, Minghai and Duan, Mojie and Fan, Jue and Han, Li and Huo, Shuanghong},
 journal = {J. Chem. Phys.},
 pages = {185101},
 title = {{G}raph {R}epresentation of {P}rotein {F}ree {E}nergy {L}andscape},
 volume = {139},
 year = {2013}
}

@book{Liao2020,
 author = {Liao, Qinghua},
 edition = {1},
 publisher = {Elsevier Inc.},
 title = {{E}nhanced {S}ampling and {F}ree {E}nergy {C}alculations for {P}rotein {S}imulations},
 volume = {170},
 year = {2020}
}

@article{Lin2011,
 author = {Lin, Zhixiong and Liu, Haiyan and Riniker, Sereina and Van Gunsteren, Wilfred F},
 journal = {J. Chem. Theory Comput.},
 pages = {3884--3897},
 title = {{O}n the {U}se of {E}nveloping {D}istribution {S}ampling ({E}DS) to {C}ompute {F}ree {E}nthalpy {D}ifferences {B}etween {D}ifferent {C}onformational {S}tates of {M}olecules: {A}pplication to 3\textdollar \_10\textdollar -, \textbackslash textalpha -, and \textbackslash textpi -helices},
 volume = {7},
 year = {2011}
}

@article{Lindahl2001A,
 author = {Lindahl, Erik and Hess, Berk and van der Spoel, David},
 journal = {J. Mol. Model.},
 pages = {306--317},
 title = {G{R}OM{A}CS 3.0: {A} Package for {M}olecular {S}imulation and {T}rajectory {A}nalysis},
 volume = {7},
 year = {2001}
}

@article{Liu2013,
 author = {S. Liu and Y. Wu and T. Lin and R. Abel and J. P. Redmann and C. M. Summa and V. R. Jaber and N. M. Lim and D. L. Mobley},
 journal = {J. Comput. Aided Mol. Des.},
 pages = {755--770},
 title = {{L}ead {O}ptimization {M}apper: {A}utomating {F}ree {E}nergy {C}alculations for {L}ead {O}ptimization},
 volume = {27},
 year = {2013}
}

@article{Mark2011,
 author = {Malde, Alpeshkumar K. and Zuo, Le and Breeze, Matthew and Stroet, Martin and Poger, David and Nair, Pramod C. and Oostenbrink, Chris and Mark, Alan E.},
 journal = {J. Chem. Theory Comput.},
 pages = {4026--4037},
 title = {{A}n {A}utomated {F}orce {F}ield {T}opology {B}uilder ({A}TB) and {R}epository: {V}ersion 1.0},
 volume = {7},
 year = {2011}
}

@article{Mckinney2010,
 author = {McKinney, Wes},
 journal = {Proc. of the 9th Python in Science Conf. },
 pages = {51--56},
 title = {{D}ata {S}tructures for {S}tatistical {C}omputing in {P}ython},
 volume = {445},
 year = {2010}
}

@article{Mcneely2014,
 author = {McNeely, S. and Beckmann, R. and Bence Lin, A. K.},
 journal = {Pharmaco. Therap.},
 pages = {1--10},
 title = {C{H}EK {A}gain: {R}evisiting the {D}evelopment of {C}HK1 {I}nhibitors for {C}ancer {T}herapy},
 volume = {142},
 year = {2014}
}

@article{Merz1991,
 author = {Merz, Kenneth M.},
 journal = {J. Am. Chem. Soc.},
 pages = {406--411},
 title = {{C}arbon {D}ioxide {B}inding to {H}uman {C}arbonic {A}nhydrase {I}I},
 volume = {113},
 year = {1991}
}

@article{Merz2014,
 author = {Merz, Kenneth M.},
 journal = {J. Chem. Inf. Model.},
 pages = {3045},
 title = {{N}ew {M}anuscript {T}ype: {A}pplication {N}ote},
 volume = {54},
 year = {2014}
}


@article{Meurer2017,
 author = {Meurer, Aaron and Smith, Christopher P and Paprocki, Mateusz and {\v C}ert{\i}́k, Ond\textdollar  \textbackslash  backslash\textdollar  vrej and Kirpichev, Sergey B and Rocklin, Matthew and Kumar, AMiT and Ivanov, Sergiu and Moore, Jason K and Singh, Sartaj and Rathnayake, Thilina and Vig, Sean and Granger, Brian E and Muller, Richard P and Bonazzi, Francesco and Gupta, Harsh and Vats, Shivam and Johansson, Fredrik and Pedregosa, Fabian and Curry, Matthew J and Terrel, Andy R and Rou{\v c}ka, {\v S}t{\v e}p{\'a}n and Saboo, Ashutosh and Fernando, Isuru and Kulal, Sumith and Cimrman, Robert and Scopatz, Anthony},
 journal = {PeerJ Comput. Sci.},
 pages = {103},
 title = {{S}ym{P}y: {S}ymbolic {C}omputing in {P}ython},
 volume = {3},
 year = {2017}
}


@misc{Naden2018,
 author = {Naden, Levi N. and Smith, Daniel G. A.},
 publisher = {Molecular Sciences Software Institute (MolSSI)},
 title = {{C}ookiecutter for {C}omputational {M}olecular {S}ciences ({C}MS) {P}ython {P}ackages},
 year = {2018}
}

@article{Nadler2008,
 author = {Nadler, W. and Meinke, J. H. and Hansmann, U. H. },
 journal = {Exchange. Phys. Rev.},
 pages = {061905},
 title = { {F}olding {P}roteins by {F}irst-{P}assage-{T}imes-{O}ptimized {R}eplica},
 volume = {8},
 year = {2008}
}

@article{Peng2011,
 author = {Peng, Roger D.},
 journal = {Science},
 pages = {1226--1228},
 title = {{R}eproducible {R}esearch in {C}omputational {S}cience},
 volume = {334},
 year = {2011}
}

@article{Perthold2018,
 author = {Perthold, Jan Walther and Oostenbrink, Chris},
 journal = {J. Phys. Chem. B},
 pages = {5030--5037},
 title = {{A}ccelerated {E}nveloping {D}istribution {S}ampling: {E}nabling {S}ampling of {M}ultiple {E}nd {S}tates {W}hile {P}reserving {L}ocal {E}nergy {M}inima},
 volume = {122},
 year = {2018}
}

@article{Perthold2020,
 author = {Perthold, Jan Walther and Petrov, Drazen and Oostenbrink, Chris},
 journal = {J. Chem. Inf. Model.},
 pages = {5395--5406},
 title = {{T}oward {A}utomated {F}ree {E}nergy {C}alculation with {A}ccelerated {E}nveloping {D}istribution {S}ampling ({A}-E{D}S)},
 volume = {60},
 year = {2020}
}

@article{Pohorille2010,
 author = {Pohorille, Andrew and Jarzynski, Christopher and Chipot, Christophe},
 journal = {J. Phys. Chem. B},
 pages = {10235--10253},
 title = {{G}ood {P}ractices in {F}ree-{E}nergy {C}alculations},
 volume = {114},
 year = {2010}
}

@article{Reinhardt2020,
 author = {Reinhardt, Martin and Grubm{\"u}ller, Helmut},
 journal = {J. Chem. Theory Comput.},
 pages = {3504--3512},
 title = {{D}etermining {F}ree-{E}nergy {D}ifferences through {V}ariationally {D}erived {I}ntermediates},
 volume = {16},
 year = {2020}
}

@misc{Ries2021,
 author = {Benjamin Ries and Marc Thierry Lehner},
 doi = {10.5281/zenodo.4621710},
 month = {Mar},
 publisher = {Zenodo},
 title = {rinikerlab/{P}yGromos{T}ools: {P}yGromos{T}ools\_{V}1},
 year = {2021}
}

@article{Ries2021A,
 author = {Ries, Benjamin and Linker, Stephanie M. and Hahn, David F. and K{\"o}nig, Gerhard and Riniker, Sereina},
 journal = {J. Chem. Inf. Model.},
 pages = {560--564},
 title = {{E}nsembler: {A} Simple {P}ackage for {F}ast {P}rototyping and {T}eaching {M}olecular {S}imulations},
 volume = {61},
 year = {2021}
}

@article{Riniker2011,
 author = {Riniker, Sereina and Christ, Clara D. and Hansen, Niels and Mark, Alan E. and Nair, Pramod C. and van Gunsteren, Wilfred F.},
 journal = {J. Chem. Phys.},
 pages = {24105},
 title = {{C}omparison of {E}nveloping {D}istribution {S}ampling and {T}hermodynamic {I}ntegration to {C}alculate {B}inding {F}ree {E}nergies of {P}henylethanolamine {N}-Methyltransferase {I}nhibitors},
 volume = {135},
 year = {2011}
}

@article{Ruder2016,
 author = {S. Ruder},
 journal = {arXiv preprint},
 pages = {arXiv:1609.04747},
 title = {{A}n {O}verview of {G}radient {D}escent {O}ptimization {A}lgorithms},
 volume = {abs/1609.04747},
 year = {2016}
}

@book{Rumbaugh2004,
 author = {Rumbaugh, James and Jacobson, Ivar and Booch, Grady},
 publisher = {Pearson Higher Education},
 title = {{U}nified {M}odeling {L}anguage {R}eference {M}anual, {T}he (2nd {E}dition)},
 year = {2004}
}

@article{Ryckaert1977,
 author = {Jean-Paul Ryckaert and Giovanni Ciccotti and Herman J.C Berendsen},
 journal = {J. Comp. Chem.},
 pages = {327--341},
 title = {{N}umerical {I}ntegration of the {C}artesian {E}quations of {M}otion of a {S}ystem {W}ith {C}onstraints: {M}olecular {D}ynamics of {N}-Alkanes},
 volume = {23},
 year = {1977}
}

@article{Schindler2020,
 author = {C. E. M. Schindler and H. Baumann and A. Blum and D. B{\"o}se and H.-P. Buchstaller and L. Burgdorf and D. Cappel and E. Chekler and P. Czodrowski and D. Dorsch and M. K. I. Eguida and B. Follows and T. Fuchs and U. Gr\textbackslash d\"ler and J. Gunera and T. Johnson and C. Jorand Lebrun and S. Karra and M. Klein and T. Knehans and L. Koetzner and M. Krier and M. Leiendecker and B. Leuthner and L. Li and I. Mochalkin and D. Musil and C. Neagu and F. Rippmann and K. Schiemann and R. Schulz and T. Steinbrecher and E.-M. Tanzer and A. Unzue Lopez and A. Viacava Follis and A. Wegener and D. Kuhn},
 journal = {J. Chem. Inf. Model.},
 pages = {5457--5474},
 title = {{L}arge-{S}cale {A}ssessment of {B}inding {F}ree {E}nergy {C}alculations in {A}ctive {D}rug {D}iscovery {P}rojects},
 volume = {60},
 year = {2020}
}

@article{Schmid2011,
 author = {Schmid, Nathan
and Eichenberger, Andreas P.
and Choutko, Alexandra
and Riniker, Sereina
and Winger, Moritz
and Mark, Alan E.
and van Gunsteren, Wilfred F.},
 journal = {Eur. Biophys. J.},
 pages = {843},
 title = {{D}efinition and {T}esting of the {G}RO{M}OS {F}orce-{F}ield {V}ersions 54{A}7 and 54{B}7},
 volume = {40},
 year = {2011}
}

@article{Schmid2012,
 author = {N. Schmid and C. D. Christ and M. Christen and A. P. Eichenberger and W. F. van Gunsteren},
 journal = {Comp. Phys. Comm.},
 pages = {890--903},
 title = {{A}rchitecture, {I}mplementation and {P}arallelization of the {G}RO{M}OS {S}oftware for {B}iomolecular {S}imulation},
 volume = {183},
 year = {2012}
}

@article{Scikit-Learn,
 author = {Pedregosa, F. and Varoquaux, G. and Gramfort, A. and Michel, V. and Thirion, B. and Grisel, O. and Blondel, M. and Prettenhofer, P. and Weiss, R. and Dubourg, V. and Vanderplas, J. and Passos, A. and Cournapeau, D. and Brucher, M. and Perrot, M. and Duchesnay, E.},
 journal = {J. Mach. Learn. Res.},
 pages = {2825--2830},
 title = {{S}cikit-learn: {M}achine {L}earning in {P}ython},
 volume = {12},
 year = {2011}
}

@article{Shirts2005,
 author = {Shirts, Michael R. and Pande, Vijay S.},
 journal = {J. Chem. Phys.},
 pages = {144107},
 title = {{C}omparison of {E}fficiency and {B}ias of {F}ree {E}nergies {C}omputed by {E}xponential {A}veraging, the {B}ennett {A}cceptance {R}atio, and {T}hermodynamic {I}ntegration},
 volume = {122},
 year = {2005}
}

@misc{Shirts2020,
 author = {Shirts, Michael R. and Naden, Levi N. and Mobley, David L. and Chodera, John D.},
 title = {alchemistry},
 url = {http://www.alchemistry.org/},
 urldate = {08/31/2020},
 year = {2020}
}

@article{Sidler2016,
 author = {Sidler, Dominik and Schwaninger, Arthur and Riniker, Sereina},
 journal = {J. Chem. Phys.},
 pages = {154114},
 title = {{R}eplica {E}xchange {E}nveloping {D}istribution {S}ampling ({R}E-{E}DS): {A} Robust {M}ethod to {E}stimate {M}ultiple {F}ree-{E}nergy {D}ifferences {F}rom a {S}ingle {S}imulation},
 volume = {145},
 year = {2016}
}

@article{Sidler2017,
 author = {Sidler, Dominik and Crist{\`o}fol-Clough, Michael and Riniker, Sereina},
 journal = {J. Chem. Theory Comput.},
 pages = {3020--3030},
 title = {{E}fficient {R}ound-{T}rip {T}ime {O}ptimization for {R}eplica-{E}xchange {E}nveloping {D}istribution {S}ampling ({R}E-{E}DS)},
 volume = {13},
 year = {2017}
}

@article{Stodden2016,
 author = {Stodden, Victoria and McNutt, Marcia and Bailey, David H. and Deelman, Ewa and Gil, Yolanda and Hanson, Brooks and Heroux, Michael A. and Ioannidis, John P.A. and Taufer, Michela},
 journal = {Science},
 pages = {1240--1241},
 title = {{E}nhancing {R}eproducibility for {C}omputational {M}ethods},
 volume = {354},
 year = {2016}
}

@article{Straatsma1991,
 author = {Straatsma, T. P. and McCammon, J. A.},
 journal = {J. Chem. Phys.},
 pages = {1175--1188},
 title = {{M}ulticonfiguration {T}hermodynamic {I}ntegration},
 volume = {95},
 year = {1991}
}

@book{Stroustrup1995,
 author = {Stroustrup, Bjarne},
 edition = {4},
 publisher = {Addison-Wesley},
 title = {{T}he {C}++ {P}rogramming {L}anguage},
 year = {1995}
}

@article{Sugita1999,
 author = {Sugita, Yuji and Okamoto, Yuko},
 journal = {Chem. Phys. Lett.},
 pages = {141--151},
 title = {{R}eplica-{E}xchange {M}olecular {D}ynamics {M}ethod for {P}rotein {F}olding},
 volume = {314},
 year = {1999}
}

@article{Sugita2000,
 author = {Sugita, Yuji and Kitao, Akio and Okamoto, Yuko},
 journal = {J. Chem. Phys.},
 pages = {6042--6051},
 title = {{M}ultidimensional {R}eplica-{E}xchange {M}ethod for {F}ree-{E}nergy {C}alculations},
 volume = {113},
 year = {2000}
}

@article{Sugita2008,
 author = {Sugita, Yuji and Kitao, Akio and Okamoto, Yuko},
 journal = {J. Chem. Phys.},
 pages = {6042--6051},
 title = {{M}ultidimensional {R}eplica-{E}xchange {M}ethod for {F}ree-{E}nergy {C}alculations},
 volume = {113},
 year = {2000}
}

@article{Tironi1995,
 author = {Tironi,Ilario G.  and Sperb, Ren{\'e}  and Smith,Paul E.  and van Gunsteren,Wilfred F. },
 journal = {J. Chem. Phys.},
 pages = {5451--5459},
 title = {{A} Generalized {R}eaction {F}ield {M}ethod for {M}olecular {D}ynamics {S}imulations},
 volume = {102},
 year = {1995}
}
@article{Trebst2006,
 author = {Trebst, Simon and Troyer, Matthias and Hansmann, Ulrich H.E.},
 journal = {J. Chem. Phys.},
 pages = {174903},
 title = {{O}ptimized {P}arallel {T}empering {S}imulations of {P}roteins},
 volume = {124},
 year = {2006}
}

@article{Trott2010,
 author = {Trott, Oleg and Olson, Arthur J},
 journal = {J. Comput. Chem.},
 pages = {455--461},
 title = {{A}uto{D}ock {V}ina: {I}mproving the {S}peed and {A}ccuracy of {D}ocking with a {N}ew {S}coring {F}unction, {E}fficient {O}ptimization, and {M}ultithreading},
 volume = {31},
 year = {2010}
}

@article{Valleau1972,
 author = {Valleau, J. P. and Card, D. N.},
 journal = {J. Chem. Phys.},
 pages = {5457--5462},
 title = {{M}onte {C}arlo {E}stimation of the {F}ree {E}nergy by {M}ultistage {S}ampling},
 volume = {57},
 year = {1972}
}

@article{Valleau1977,
 author = {Torrie, G. M and Valleau, J. P.},
 journal = {J. Comput. Phys.},
 pages = {187--199},
 title = {{N}onphysical {S}ampling {D}istributions in {M}onte {C}arlo {F}ree-{E}nergy {E}stimation: {U}mbrella {S}ampling},
 volume = {23},
 year = {1977}
}

@article{Vanderspoel2005,
 author = {van der Spoel, David and Lindahl, Erik and Hess, Berk and Groenhof, Gerrit and Mark, Alan E. and Berendsen, Herman J.C.},
 journal = {J. Comput. Chem.},
 pages = {1701--1718},
 title = {G{R}OM{A}CS: {F}ast, {F}lexible, and {F}ree},
 volume = {26},
 year = {2005}
}

@article{Vanderwalt2011,
 author = {Van Der Walt, St{\'e}fan and Colbert, S. Chris and Varoquaux, Ga{\"e}l},
 journal = {Comput. Sci. Eng.},
 pages = {22--30},
 title = {{T}he {N}um{P}y {A}rray: {A} Structure for {E}fficient {N}umerical {C}omputation},
 volume = {13},
 year = {2011}
}

@article{Vangunsteren1988,
 author = {van Gunsteren, W. F. and Berendsen, H. J.C.},
 journal = {Mol. Sim.},
 pages = {173--185},
 title = {{A} Leap-{F}rog {A}lgorithm for {S}tochastic {D}ynamics},
 volume = {1},
 year = {1988}
}

@book{Vanrossum1995,
 author = {van Rossum, G.},
 publisher = {Centrum voor Wiskunde en Informatica (CWI)},
 title = {{P}ython {T}utorial},
 year = {1995}
}

@misc{Vanrossum2009,
 address = {Scotts Valley, CA},
 author = {Van Rossum, Guido and Drake, Fred L.},
 doi = {10.5555/1593511},
 publisher = {Create Space},
 title = {{P}ython 3 {R}eference {M}anual},
 year = {2009}
}
@article{Virtanen2020,
 author = {Virtanen, Pauli and Gommers, Ralf and Oliphant, Travis E. and Haberland, Matt and Reddy, Tyler and Cournapeau, David and Burovski, Evgeni and Peterson, Pearu and Weckesser, Warren and Bright, Jonathan and van der Walt, St{\'e}fan J. and Brett, Matthew and Wilson, Joshua and Millman, K. Jarrod and Mayorov, Nikolay and Nelson, Andrew R.J. and Jones, Eric and Kern, Robert and Larson, Eric and Carey, C. J. and Polat, {\. I}lhan and Feng, Yu and Moore, Eric W. and VanderPlas, Jake and Laxalde, Denis and Perktold, Josef and Cimrman, Robert and Henriksen, Ian and Quintero, E. A. and Harris, Charles R. and Archibald, Anne M. and Ribeiro, Ant{\^o}nio H. and Pedregosa, Fabian and van Mulbregt, Paul and Vijaykumar, Aditya and Bardelli, Alessandro Pietro and Rothberg, Alex and Hilboll, Andreas and Kloeckner, Andreas and Scopatz, Anthony and Lee, Antony and Rokem, Ariel and Woods, C. Nathan and Fulton, Chad and Masson, Charles and H{\"a}ggstr{\"o}m, Christian and Fitzgerald, Clark and Nicholson, David A. and Hagen, David R. and Pasechnik, Dmitrii V. and Olivetti, Emanuele and Martin, Eric and Wieser, Eric and Silva, Fabrice and Lenders, Felix and Wilhelm, Florian and Young, G. and Price, Gavin A. and Ingold, Gert Ludwig and Allen, Gregory E. and Lee, Gregory R. and Audren, Herv{\'e} and Probst, Irvin and Dietrich, J{\"o}rg P. and Silterra, Jacob and Webber, James T. and Slavi{\v c}, Janko and Nothman, Joel and Buchner, Johannes and Kulick, Johannes and Sch{\"o}nberger, Johannes L. and de Miranda Cardoso, Jos{\'e} Vin{\i}́cius and Reimer, Joscha and Harrington, Joseph and Rodr\textbackslash  {\' g}uez, Juan Luis Cano and Nunez-Iglesias, Juan and Kuczynski, Justin and Tritz, Kevin and Thoma, Martin and Newville, Matthew and K{\"u}mmerer, Matthias and Bolingbroke, Maximilian and Tartre, Michael and Pak, Mikhail and Smith, Nathaniel J. and Nowaczyk, Nikolai and Shebanov, Nikolay and Pavlyk, Oleksandr and Brodtkorb, Per A. and Lee, Perry and McGibbon, Robert T. and Feldbauer, Roman and Lewis, Sam and Tygier, Sam and Sievert, Scott and Vigna, Sebastiano and Peterson, Stefan and More, Surhud and Pudlik, Tadeusz and Oshima, Takuya and Pingel, Thomas J. and Robitaille, Thomas P. and Spura, Thomas and Jones, Thouis R. and Cera, Tim and Leslie, Tim and Zito, Tiziano and Krauss, Tom and Upadhyay, Utkarsh and Halchenko, Yaroslav O. and V{\'a}zquez-Baeza, Yoshiki},
 journal = {Nature Methods},
 pages = {261--272},
 title = {{S}ci{P}y 1.0: {F}undamental {A}lgorithms for {S}cientific {C}omputing in {P}ython},
 volume = {17},
 year = {2020}
}

@article{Wang2015,
 author = {L. Wang and Y. Wu and Y. Deng and B. Kim and L. Pierce and G. Krilov and D. Lupyan and S. Robinson and M. K. Dahlgren and J. Greenwood and D. L. Romero and C. Masse and J. L. Knight and T. Steinbrecher and T. Beuming and W. Damm and E. Harder and W. Sherman and M. Brewer and R. Wester and M. Murcko and L. Frye and R. Farid and T. Lin and D. L. Mobley and W. L. Jorgensen and B. J. Berne and R. A. Friesner and R. Abel},
 journal = {J. Am. Chem. Soc.},
 pages = {2695--2703},
 title = {{A}ccurate and {R}eliable {P}rediction of {R}elative {L}igand {B}inding {P}otency in {P}rospective {D}rug {D}iscovery by {W}ay of a {M}odern {F}ree-{E}nergy {C}alculation {P}rotocol and {F}orce {F}ield},
 volume = {137},
 year = {2015}
}

@article{Wang2017,
 author = {Wang, Lingle and Deng, Yuqing and Wu, Yujie and Kim, Byungchan and LeBard, David N and Wandschneider, Dan and Beachy, Mike and Friesner, Richard A and Abel, Robert},
 journal = {J. Chem. Theory Comput.},
 pages = {42--54},
 title = {{A}ccurate {M}odeling of {S}caffold {H}opping {T}ransformations in {D}rug {D}iscovery},
 volume = {13},
 year = {2017}
}

@article{Weiß2016,
 author = {Wei{\ss}, R. Gregor and Setny, Piotr and Dzubiella, Joachim},
 journal = {J. Phys. Chem. B},
 pages = {8127--8136},
 title = {{S}olvent {F}luctuations {I}nduce {N}on-{M}arkovian {K}inetics in {H}ydrophobic {P}ocket-{L}igand {B}inding},
 volume = {120},
 year = {2016}
}

@article{Woods2003,
 author = {Woods, Christopher J and Essex, Jonathan W and King, Michael A},
 journal = {J. Phys. Chem. B},
 pages = {13703--13710},
 title = {{T}he {D}evelopment of {R}eplica-{E}xchange-{B}ased {F}ree-{E}nergy {M}ethods},
 volume = {107},
 year = {2003}
}

@article{Yamauchi2017,
 author = {Yamauchi, Masataka and Okumura, Hisashi},
 journal = {J. Chem. Phys.},
 pages = {184107},
 title = {{D}evelopment of {I}sothermal-{I}sobaric {R}eplica-{P}ermutation {M}ethod for {M}olecular {D}ynamics and {M}onte {C}arlo {S}imulations and {I}ts {A}pplication to {R}eveal {T}emperature and {P}ressure {D}ependence of {F}olded, {M}isfolded, and {U}nfolded {S}tates of {C}hignolin},
 volume = {147},
 year = {2017}
}

@article{Yang2020,
 author = {Q. Yang and W. Burchett and G. S. Steeno and S. Liu and M. Yang and D. L. Mobley and X. Hou},
 journal = {J. Comput. Chem.},
 pages = {247--257},
 title = {{O}ptimal {D}esigns for {P}airwise {C}alculation: {A}n {A}pplication to {F}ree {E}nergy {P}erturbation in {M}inimizing {P}rediction {V}ariability},
 volume = {41},
 year = {2020}
}

@article{Ytreberg2006,
 author = {Ytreberg, F. Marty and Zuckerman, Daniel M.},
 journal = {J. Chem. Phys.},
 pages = {1--9},
 title = {{S}imple {E}stimation of {A}bsolute {F}ree {E}nergies for {B}iomolecules},
 volume = {124},
 year = {2006}
}

@article{Zwanzig1954,
 author = {Zwanzig, Robert W},
 journal = {J. Chem. Phys.},
 pages = {1420--1426},
 title = {{H}igh-{T}emperature {E}quation of {S}tate by a {P}ertubation {M}ethod. {I}. {N}onpolar {G}ases},
 volume = {22},
 year = {1954}
}

